4882 6614
1353 896 1394 956 24

428 1097 593 1180 (principii)
616 1097 740 1160 nomine
762 1096 957 1174 nutasset),
981 1097 1006 1160 si
1021 1115 1092 1161 vero
1118 1098 1219 1161 solnm
1241 1097 1279 1162 de
1301 1097 1361 1162 fine
1383 1097 1541 1180 disputare
1563 1099 1711 1162 voluisset
1730 1098 1861 1178 3371228,
1883 1119 1943 1163 non
1971 1105 2095 1184 poterat
2116 1104 2174 1168 hoc
2203 1123 2315 1168 vocare
2361 1128 2367 1157 ι
2401 1133 2413 1143 ·=

426 1208 559 1274 initium.
603 1206 729 1270 Accedit
751 1207 833 1287 quod
859 1207 900 1285 id,
923 1207 971 1270 cui
994 1208 1093 1297 ἀρχῆς
1114 1227 1229 1272 nomen
1252 1208 1410 1290 imposuit,
1433 1228 1495 1273 non
1518 1209 1605 1290 sequi
1627 1208 1680 1272 sed
1702 1209 1904 1291 ,praecedere‘
1927 1211 2002 1275 dixit
2027 1216 2060 1276 61
2089 1217 2203 1292 ‚antea‘
2234 1233 2315 1278 esse.
2361 1166 2417 1276 'tl

428 1317 655 1382 Gravissimum
666 1319 771 1380 autem
787 1319 843 1394 est,
860 1318 941 1397 quod
956 1319 1056 1381 verbis
1070 1316 1144 1386 ἄλλ’
1168 1317 1235 1387 οὐδ’
1248 1319 1285 1397 ἐξ
1305 1317 1494 1398 ὑποθέσεως
1508 1337 1570 1383 non
1585 1321 1689 1401 potest
1702 1319 1883 1384 Aristoteles
1899 1321 1938 1385 ad
1954 1323 2107 1404 posterius
2129 1326 2315 1408 respexisse,
2404 1343 2417 1389 'l

428 1427 481 1491 sad
503 1428 642 1508 intellegi
670 1427 783 1490 debent
812 1427 849 1490 de
877 1427 986 1508 priore.
1041 1427 1253 1492 Grammatica
1281 1428 1364 1492 enim
1395 1429 1473 1492 ratio
1500 1429 1639 1511 postulat
1666 1467 1704 1475 -
1729 1429 1761 1492 id
1783 1431 1864 1511 quod
1887 1451 1978 1497 nemo
2001 1435 2133 1514 negabit,
2163 1437 2219 1517 qui
2251 1455 2316 1498 non

428 1541 671 1620 praeoccupatus
687 1538 724 1600 ad
741 1537 821 1601 hano
836 1539 1051 1619 quaestionem
1063 1539 1180 1602 accedit
1190 1575 1241 1616 -‚
1254 1542 1291 1601 ut
1302 1541 1371 1620 post
1382 1538 1596 1620 praecedentia
1608 1541 1700 1603 verba
1712 1539 1770 1609 οὑκ
1782 1543 1873 1608 ἔσται
1889 1541 2016 1632 α’νοὶγκη
2030 1545 2066 1611 τό
2082 1541 2217 1636 ὕστερον
2237 1544 2315 1612 τάδε

427 1655 585 1730 γενέσθαι
614 1646 739 1728 ὑπλῶς,
767 1649 806 1711 ad
829 1668 865 1713 ea
888 1667 967 1730 qnae
991 1649 1097 1712 statim
1120 1651 1293 1730 sequuntur
1319 1646 1480 1718 611λόὑὺ
1504 1651 1540 1728 ἐξ
1568 1647 1758 1728 ὑποθέσεως
1779 1654 1885 1716 mente
1913 1653 2092 1735 suppleatur
2121 1653 2255 1742 ἀνάγκη
2281 1657 2315 1721 ro*

430 1755 595 1843 ὕστερον
617 1757 691 1824 τόδε
714 1768 871 1841 pavendae
895 1757 1018 1838 ἁπλῶς.
1063 1759 1154 1823 Unde
1186 1761 1427 1822 consentaneum
1450 1761 1506 1836 est,
1529 1758 1624 1822 verba
1655 1760 1691 1839 ἒξ
1712 1755 1903 1840 ὑποθέσεως
1931 1781 1994 1826 non
2024 1782 2114 1845 posse
2135 1764 2315 1844 significare

430 1867 546 1950 „posito
561 1869 815 1948 posteriore“.
851 1869 1006 1932 Posterius
1021 1869 1113 1943 enim,
1130 1868 1168 1932 da
1184 1869 1271 1932 cuins
1293 1869 1477 1932 necessitate
1493 1870 1661 1950 quaeritur,
1684 1889 1746 1933 non
1766 1873 1869 1952 potest
1887 1871 1971 1935 idem
1993 1873 2205 1936 necessarium
2230 1875 2314 1956 poni.
2374 1842 2382 1911 1

429 1975 531 2055 Quare
543 1976 580 2039 ad
592 1980 678 2060 prius
700 1979 860 2042 referenda
882 1983 929 2042 est
950 1979 1139 2061 hypothesis
1162 1999 1224 2044 non
1246 1979 1285 2043 ad
1307 1979 1470 2062 posterius.
1515 1979 1604 2056 Quod
1627 1980 1653 2042 si
1674 1998 1783 2042 verum
1811 1983 1867 2058 est,
1890 1983 2006 2045 corruit
2027 1983 2194 2046 Alexandri
2220 2002 2314 2064 argn-

430 2089 587 2153 mentatio.
631 2089 699 2153 Hoc
720 2091 802 2152 enim
825 2090 899 2152 dicit
920 2090 1118 2153 Aristoteles:
1143 2089 1190 2153 Ne
1214 2107 1387 2172 supponere
1412 2088 1537 2170 quidem
1567 2089 1640 2152 lieet
1660 2089 1692 2153 id
1714 2089 1809 2171 prius,
1840 2109 1875 2154 61
1898 2111 1958 2172 quo
1980 2094 2153 2156 necessario
2175 2093 2316 2176 pendeat

429 2200 589 2282 posterius.
613 2200 642 2262 N
644 2219 694 2262 am
710 2219 831 2282 semper
845 2199 987 2263 recedere
1000 2203 1161 2282 oporteret.
1176 2199 1306 2282 Semper
1322 2199 1405 2262 enim
1419 2198 1598 2282 ponendum
1612 2199 1698 2280 prins
1710 2201 1793 2264 aliud
1805 2202 1890 2283 prius
1906 2203 2077 2284 praecedet,
2094 2223 2130 2268 ex
2146 2224 2209 2286 qno
2226 2205 2314 2268 illins

428 2312 596 2374 necessitas
622 2315 1000 2391 consequatu13quorum
1026 2310 1238 2392 ponendorum
1261 2309 1398 2391 priorum
1420 2311 1515 2373 series
1537 2310 1611 2390 quia
1641 2313 1673 2372 in
1696 2310 1853 2374 infinitum
1880 2314 1952 2388 abit,
1977 2319 2106 2403 πρῶτον
2127 2312 2187 2382 οὑκ
2217 2317 2313 2384 ἔσται

428 2418 533 2504 ov'dcv,
557 2423 597 2488 δι’
620 2419 640 2487 ὑ
662 2424 762 2488 ἐκεῖνο
785 2420 965 2503 οἷοοιγκαῑον
984 2429 1151 2502 γενέσθαι.
1195 2420 1296 2502 Igitur
1317 2422 1393 2484 haec
1413 2421 1506 2484 verba
1527 2425 1559 2484 et
1580 2440 1748 2501 congruere
1778 2421 1854 2485 mihi
1883 2424 2026 2487 videntur
2053 2442 2126 2488 cnm
2155 2424 2315 2506 prioribus

429 2533 524 2596 etiam
539 2533 680 2612 neglecta
702 2531 862 2594 audaciore
885 2531 1051 2594 Alexandri
1073 2529 1172 2619 οἷρχῇς
1193 2531 1445 2614 interpretatione
1467 2550 1567 2612 neque
1590 2536 1698 2596 contra
1712 2533 1889 2596 universam
1903 2533 1995 2596 huius
2010 2535 2119 2617 capitis
2133 2533 2314 2598 doctrinam

430 2659 577 2726 pugnare.
632 2642 748 2705 Dividit
780 2643 863 2706 enim
896 2642 1076 2704 Aristoteles
1109 2661 1233 2705 omnem
1266 2643 1496 2722 generationem
1523 2643 1557 2704 in
1578 2641 1656 2705 duas
1677 2647 1790 2724 partes,
1814 2661 1946 2723 quarum
1969 2644 2068 2707 altera
2095 2663 2132 2707 66
2160 2647 2315 2720 continet,

431 2772 509 2836 quae
545 2757 630 2816 recta
652 2753 700 2816 via
734 2760 829 2834 (καθ’
863 2751 962 2833 εὑθὺ)
994 2754 1212 2834 propagantur,
1246 2753 1409 2826 61161666,
1444 2770 1524 2832 quae
1561 2753 1642 2817 orbis
1675 2754 1773 2817 instar
1811 2754 1991 2836 procedunt.
2047 2754 2149 2817 Huius
2183 2756 2314 2835 generis

429 2863 573 2927 caelestia
585 2866 659 2926 sunt
681 2866 713 2926 et
740 2881 784 2938 ea
807 2881 886 2943 quae
908 2863 1046 2945 pendent
1067 2862 1281 2926 acaelestibus
1302 2862 1465 2926 redeuntia
1486 2863 1578 2925 certis
1599 2864 1797 2946 temporibus,
1819 2863 1981 2928 orbiculari
2002 2867 2090 2928 motu
2111 2864 2310 2938 circumlata,

430 2974 610 3037 aeternitate
636 2973 785 3055 praedita,
814 2973 1253 3036 16666111661116666611616,
1295 2971 1355 3035 Illa
1384 2973 1687 3054 comprehenduntur
1718 2978 1750 3037 et
1779 2973 1868 3037 finita
1895 2978 1926 3037 61
1952 2973 2081 3038 infinita
2125 2979 2247 3056 Atque
2277 2975 2314 3040 de

429 3084 612 3147 caelestibus
645 3083 782 3165 disputat
813 3083 884 3146 inde
917 3103 935 3145 a
968 3071 1097 3158 33'7b33,
1130 3083 1167 3145 de
1199 3083 1308 3165 prioris
1335 3081 1455 3163 genen's
1486 3082 1581 3146 finitis
1610 3084 1649 3146 ib.
1681 3083 1816 3146 29-32.
1866 3083 1952 3147 Haec
1981 3084 2084 3165 qualia
2105 3085 2169 3147 sint
2191 3087 2313 3168 optime

429 3195 603 3258 illustratur
624 3193 772 3275 exemplo,
806 3211 866 3273 quo
901 3194 981 3256 solet
1012 3211 1048 3256 ea
1088 3195 1321 3275 repraesentare
1363 3192 1555 3270 Aristoteles,
1589 3191 1829 3256 fundamentum
1860 3193 1927 3256 dico
1958 3197 1990 3257 et
2011 3193 2148 3257 domum.
2203 3199 2314 3276 Atque
2394 3218 2400 3235 ·

430 3304 589 3368 aedificata
625 3303 715 3366 domo
749 3303 920 3368 necessario
952 3302 1091 3365 concludi
1127 3301 1367 3364 fundamentum
1403 3305 1495 3364 antea
1522 3301 1638 3364 iactum
1669 3321 1735 3364 esse
1764 3304 1796 3365 in
1824 3305 1986 3385 propatulo
2019 3308 2074 3368 est.
2132 3303 2193 3368 Sed
2228 3307 2315 3370 hane
2395 3278 2400 3301 Ι

429 3414 656 3478 conclusionem
678 3431 778 3493 neque
800 3416 895 3492 negat
915 3412 1097 3475 Aristoteles
1119 3429 1221 3492 neque
1243 3411 1416 3474 accuratius
1437 3410 1586 3492 exposuit.
1643 3410 1758 3475 Contra
1784 3416 1892 3493 negat,
1927 3415 2049 3477 etiamsi
2075 3415 2239 3482 aedificata
2272 3420 2315 3482 sit

430 3526 550 3602 domus,
581 3527 664 3588 recte
694 3523 836 3588 contendi
867 3541 936 3586 eam
966 3541 1037 3586 cum
1066 3521 1250 3585 necessitate
1280 3539 1316 3584 61
1347 3519 1548 3584 fundamento
1577 3523 1677 3584 ortam
1707 3541 1783 3600 esse,
1815 3524 1896 3604 qnod
1930 3542 2044 3604 negare
2078 3525 2198 3604 debuit,
2235 3529 2313 3609 qnia

428 3636 635 3700 necessariam
663 3634 892 3714 generationem
922 3633 1052 3696 candem
1085 3651 1153 3696 esse
1184 3634 1276 3712 atque
1306 3635 1465 3694 aeternam
1487 3631 1590 3712 paullo
1612 3636 1683 3713 post
1711 3632 1809 3696 docet.
1861 3633 2043 3714 Numquam
2073 3636 2168 3714 igitur
2197 3655 2315 3702 earnm

429 3765 542 3820 rernm,
559 3764 638 3826 quae
652 3747 685 3807 et
699 3746 785 3806 recta
807 3743 856 3805 via
877 3743 1048 3826 procedunt
1069 3747 1100 3806 et
1120 3743 1225 3806 finitae
1248 3745 1330 3818 sunt,
1354 3741 1437 3822 origo
1458 3743 1631 3806 necessaria
1658 3745 1714 3804 est.
1755 3743 1816 3806 Fac
1845 3744 1929 3806 enim
1950 3745 2122 3809 necessario
2145 3745 2316 3811 aedificata

429 3857 471 3920 sit
491 3857 616 3920 domus:
640 3857 665 3918 si
687 3874 749 3918 non
772 3872 893 3936 semper
915 3853 1068 3916 aedificari
1090 3853 1247 3924 debuerat,
1271 3849 1420 3914 efficietur
1449 3856 1484 3915 ut
1506 3852 1645 3916 eiusdem
1660 3853 1703 3916 161
1720 3856 1752 3916 61
1773 3853 1978 3917 66116116161
2000 3859 2032 3918 61
2053 3859 2183 3937 negetur
2206 3863 2313 3922 66161-

429 3969 510 4030 nitas
533 3965 692 4050 (3371232).
744 3963 805 4028 Sed
829 3969 959 4044 quaerat
979 3962 1108 4026 fortasse
1132 3963 1296 4044 quispiam,
1326 3980 1381 4025 cur
1402 3980 1464 4025 non
1487 3963 1578 4025 buius
1601 3981 1722 4043 quoquc
1744 3965 1948 4044 generationis
1969 3969 2001 4028 et
2024 3969 2127 4030 rectae
2152 3967 2314 4032 6111111166

431 4076 612 4140 Aristoteles
635 4075 792 4156 negaverit
813 4075 1044 4157 hypotheticam
1066 4092 1161 4156 quam
1183 4073 1256 4136 dicit
1276 4074 1502 4136 necessitatem.
1547 4071 1636 4150 Quod
1658 4074 1734 4136 mihi
1763 4075 1888 4154 quidem
1913 4075 1981 4139 ideo
2009 4077 2145 4140 noluisse
2171 4077 2312 4149 videtur,

431 4188 502 4268 quia
523 4187 595 4268 poni
616 4187 725 4267 nequit
745 4187 830 4268 prius
852 4186 1069 4261 necessarium,
1093 4203 1129 4248 61
1151 4202 1210 4264 qno
1232 4185 1384 4265 posterius
1406 4184 1579 4247 necessario
1601 4187 1816 4264 consequatur,
1840 4185 1898 4248 11161
1920 4185 1957 4248 de
1979 4186 2033 4260 eis,
2050 4205 2129 4267 qnae
2155 4187 2313 4270 gignendi

429 4297 612 4380 principium
634 4299 665 4358 in
688 4315 721 4360 se
743 4296 867 4360 habent.
911 4295 1000 4372 Quod
1024 4297 1048 4357 61
1070 4313 1198 4376 poneres
1220 4292 1378 4368 infinitis,
1402 4294 1477 4356 nihil
1498 4293 1571 4356 inde
1594 4297 1782 4375 sequeretur.

581 4407 713 4470 Restant
737 4407 820 4469 enim
847 4423 935 4485 quac,
959 4422 1030 4467 num
1052 4403 1113 4468 fine
1136 4407 1261 4466 careant
1284 4406 1316 4465 et
1336 4407 1422 4466 recta
1443 4403 1492 4465 via
1513 4403 1688 4484 procedant,
1711 4403 1856 4484 gignendi
1877 4404 2025 4470 facultate
2049 4407 2188 4489 praedita
2218 4415 2312 4478 snut,

430 4536 562 4598 qnorum
584 4517 731 4580 sollemne
758 4516 931 4598 exemplum
953 4517 1001 4578 661
1022 4517 1110 4597 pater
1132 4517 1163 4576 st
1183 4513 1274 4576 lilius.
1319 4513 1405 4578 Haec
1427 4533 1463 4577 ea
1485 4514 1667 4577 necessitate
1690 4514 1840 4578 destituta
1862 4535 1940 4594 6666,
1964 4534 2043 4598 quae
2065 4519 2098 4581 in
2120 4519 2312 4584 caelestibus

430 4633 553 4692 tantum
586 4631 703 4709 regnat,
737 4647 798 4690 non
827 4625 1009 4689 mirabimur
1042 4643 1142 4705 neque
1170 4641 1309 4704 unquam
1341 4624 1400 4687 hae
1432 4625 1615 4688 necessitate
1649 4627 1787 4688 nascitur
1820 4627 1910 4689 filius.
1962 4625 2064 4704 Quare
2093 4627 2151 4690 hoc
2179 4647 2311 4710 quoque

429 4743 569 4818 negatur,
593 4739 650 4802 etsi
661 4738 904 4820 supponentibus
926 4736 1012 4800 nobis
1034 4735 1133 4798 filium
1156 4735 1313 4816 quendam
1334 4753 1370 4797 61
1392 4740 1478 4816 patre
1494 4739 1603 4797 natum
1620 4753 1697 4809 esse,
1721 4755 1792 4799 cnm
1807 4738 1991 4800 necessitate
2007 4757 2078 4801 eum
2093 4742 2203 4801 natum
2220 4757 2305 4802 esse.

429 4849 601 4912 Illustrabit
627 4848 756 4912 16116666
785 4849 865 4911 hanc
892 4847 1122 4929 hypotheticam
1149 4847 1365 4909 necessitatem
1391 4845 1429 4908 de
1457 4846 1571 4910 Somno
1601 4849 1633 4908 et
1667 4846 1770 4927 vigilia
1798 4847 1937 4925 enabat,
1968 4848 2020 4911 ubi
2049 4849 2125 4911 haec
2152 4847 2309 4928 legimus:

429 4954 512 5026 61616
527 4955 708 5041 diversatos
722 4959 844 5048 ἑκάστῳ
867 4965 933 5026 τῶν
955 4960 1041 5049 ζῴων
1065 4957 1227 5047 ὑπάρχειν
1248 4959 1304 5025 τὸν
1327 4952 1441 5024 davon-
1466 4959 1591 5040 16γωὺ
1609 4959 1645 5035 ἐξ
1660 4957 1850 5036 dno-leovine
1864 4960 1922 5047 τὴν
1938 4957 2092 5044 α’νάγκην,
2107 4956 2158 5026 ὅτι
2176 4965 2208 5026 el
2221 4961 2312 5038 ζῶοο·

429 5069 520 5138 ἔσται
544 5071 620 5155 ἔχον
655 5071 715 5158 τήν
741 5066 843 5138 αὑτοῦ
868 5061 974 5154 priora,
1003 5070 1040 5146 ἐξ
1068 5065 1211 5153 antipapa
1240 5068 1298 5134 τιν’
1331 5065 1490 5155 ὑπάρχειν
1520 5065 1611 5136 αὑτῶ
1640 5069 1699 5142 δεῖ,
1730 5079 1786 5134 καῖ
1816 5069 1938 5136 τούτων
1966 5067 2181 5154 ὑπαρχόντων
2207 5073 2309 5158 ἕτερα

431 5179 596 5267 ὑπάρχειν.
649 5180 783 5243 Somnus
811 5180 906 5260 igitur
927 5181 1117 5243 necessarius
1140 5197 1206 5241 esse
1228 5177 1340 5240 dicitur
1361 5179 1397 5256 ἐξ
1419 5175 1615 5258 ὑποθέσεως,
1640 5180 1712 5259 quia
1735 5179 1834 5260 posito
1856 5178 1980 5242 homine
1994 5197 2119 5241 11666666
2139 5183 2188 5241 661
2210 5179 2309 5244 simul

430 5309 573 5354 somnum
607 5309 683 5354 esse.
740 5291 850 5354 Nonne
884 5290 993 5353 eadem
1019 5290 1203 5352 necessitate
1225 5307 1262 5351 61
1289 5287 1413 5350 homine
1440 5306 1567 5350 somnus
1594 5289 1731 5351 nascitur
1761 5292 1792 5352 et
1821 5307 1857 5352 61
1879 5293 1966 5371 patre
1993 5287 2082 5363 lilius,
2110 5289 2137 5352 61
2175 5291 2308 5371 quidem

428 5404 595 5482 utrumque
624 5401 840 5483 posuerimus?
874 5401 1010 5465 Minime.
1055 5401 1099 5462 llo
1121 5399 1267 5462 differunt
1281 5398 1362 5459 enim
1386 5402 1417 5460 et
1438 5397 1529 5460 homo
1552 5398 1651 5460 somni
1667 5417 1760 5461 causa
1775 5400 1806 5462 et
1820 5403 1908 5480 pater
1921 5400 1985 5478 filii,
2001 5398 2125 5479 quodsi
2141 5399 2306 5464 hominem

428 5511 566 5594 posuisti,
589 5531 713 5575 omnem
736 5513 824 5592 quasi
846 5510 1012 5574 exhausisti
1035 5511 1134 5574 somni
1156 5509 1280 5573 fontem.
1322 5509 1447 5572 Patrem
1474 5526 1533 5570 non
1561 5513 1648 5591 potes
1671 5509 1778 5572 eodem
1800 5509 1890 5572 modo
1920 5527 2032 5592 ponere
2063 5511 2107 5572 ita
2138 5515 2173 5576 ut
2196 5531 2310 5576 omnes
