4882 6614
1065 903 1084 964 5

132 1111 192 1174 tina
212 1109 329 1176 dicunt.
373 1108 468 1188 Atqui
483 1107 623 1189 sequitur
636 1106 695 1170 hoc
709 1106 774 1188 ipso
795 1106 954 1170 enuntiato
969 1106 1123 1169 distinctio
1137 1108 1218 1170 inter
1240 1123 1276 1168 ca
1290 1104 1400 1180 sidera
1416 1123 1494 1186 quac
1510 1123 1582 1168 cum
1597 1105 1669 1170 orbe
1685 1105 1820 1169 aetherio
1839 1107 2013 1184 moventur,

132 1237 229 1301 eoque
253 1237 332 1300 quae
352 1219 474 1301 proprio
496 1219 582 1281 motu
604 1216 756 1282 feruntur.
806 1215 907 1295 Igitur
927 1235 988 1278 non
1012 1216 1124 1280 transit
1146 1217 1274 1298 scriptor
1290 1216 1337 1279 his
1353 1216 1452 1280 verbis
1467 1216 1506 1279 ad
1528 1218 1570 1283 τα
1587 1213 1733 1302 α’πλανῇ,
1750 1215 1803 1280 sed
1818 1216 1856 1280 de
1872 1218 2015 1281 omnibus

132 1329 230 1394 stellis
245 1329 392 1412 disputat
432 1327 525 1392 Vides
540 1330 647 1391 autem
661 1328 693 1391 in
709 1325 931 1390 sententiailla
944 1328 1033 1394 ι’δίαν
1053 1330 1118 1392 κτλ.
1142 1345 1203 1390 non
1225 1326 1262 1390 da
1285 1329 1413 1408 septem,
1437 1326 1488 1390 sed
1518 1327 1555 1390 de
1581 1327 1714 1390 duamm
1736 1327 1906 1390 errantium
1928 1331 2016 1391 motu

133 1441 191 1521 agi.
236 1439 338 1517 Quare
366 1437 437 1502 inde
460 1457 479 1501 a
506 1437 607 1502 verbis
638 1435 748 1525 ὥσπερ
780 1437 874 1520 οἶμαι
907 1455 1006 1516 usque
1043 1437 1082 1499 ad
1119 1434 1266 1526 έσχυροδς
1302 1439 1502 1517 διαθέοντας
1537 1437 1640 1500 omnia
1673 1437 1892 1519 parentheseos
1927 1438 2015 1502 uncis

133 1549 431 1614 circumscribamus

285 1660 331 1722 De
355 1658 433 1722 aeris
453 1675 552 1738 aquae
569 1659 670 1720 terrae
685 1655 889 1738 descriptione
905 1656 1006 1720 breuis
1022 1675 1072 1720 ero
1088 1657 1201 1739 quippe
1216 1677 1295 1738 quae
1311 1659 1358 1720 vix
1374 1660 1464 1738 egeat
1478 1657 1740 1740 interpretatione.
1774 1661 1887 1723 Aerem
1902 1661 2015 1723 natura

133 1771 299 1834 obscurum
321 1787 387 1833 esso
410 1771 441 1832 et
469 1769 532 1832 sole
555 1770 678 1830 tantum
705 1767 854 1830 illustrari
884 1765 1055 1830 secundum
1078 1765 1195 1831 Stoicos
1217 1768 1440 1834 Plutarchus¹t
1467 1767 1570 1832 tradit.
1615 1767 1718 1846 Quare
1740 1767 1897 1832 Heraclito
1924 1788 1948 1834 c.
1974 1770 2015 1832 24

135 1880 267 1960 Allegor.
282 1879 408 1944 Homer.
432 1877 538 1941 Hades
560 1880 607 1940 est
630 1873 804 1958 (Ἀιδωνέα
821 1879 856 1944 δὲ
870 1877 930 1944 τδν
945 1875 1052 1966 α’έρα).
1091 1877 1201 1959 Neque
1216 1897 1288 1942 vero
1311 1879 1367 1942 sibi
1390 1881 1511 1942 constat
1532 1878 1594 1956 ille,
1617 1898 1688 1941 curn
1710 1898 1782 1942 mou
1803 1879 1869 1961 ipse
1892 1898 2015 1960 quoque

133 1991 285 2052 Iunonem
301 2007 373 2053 aera
387 1991 475 2053 vocet
489 1987 527 2070 (c.
546 1988 600 2070 25)
623 1987 817 2051 consentiens
840 2005 911 2051 cum
934 1988 1030 2050 Dione
1053 1989 1140 2052 cuius
1163 1989 1241 2051 alter
1263 2007 1371 2069 equus
1394 1989 1442 2051 cui
1464 1988 1575 2052 Iunoni
1597 2007 1709 2053 nomen
1738 1991 1793 2064 est,
1817 1990 1896 2072 pelle
1927 1989 2016 2070 nigra

134 2104 261 2164 ornatus
284 2103 332 2163 est
353 2101 385 2180 (ᾗ
408 2101 477 2180 45);

337 2203 484 2300 δεότερος
504 2211 541 2276 δέ·
568 2207 638 2293 μετ’
661 2211 785 2275 ἐκεῖνον
812 2198 994 2292 ἁπτόμενος
1026 2207 1131 2277 ατίτοΐΙ
1157 2222 1212 2276 καῖ
1240 2204 1463 2294 πλησιώτατος
1481 2208 1586 2298 Ἥρας
1609 2203 1785 2295 ἐπώνυμος,
1811 2204 1936 2299 εὐήνιος
1958 2225 2014 2279 καί

337 2311 490 2404 μαλακός,
513 2320 596 2387 πολδ
619 2320 654 2385 δὲ
677 2311 771 2406 ἧττον
793 2309 880 2384 κατοῖ
902 2345 938 2386 τε
958 2311 1070 2407 ῥώμην
1091 2333 1146 2387 καὶ
1168 2312 1275 2405 τόχος·
1299 2319 1415 2408 χροιτίν
1438 2323 1473 2388 δὲ
1497 2327 1533 2420 τῇ
1558 2329 1618 2406 μέν
1646 2321 1751 2390 αὑτοῦ
1780 2315 1874 2408 φύσει
1901 2325 2013 2407 μέλας,

338 2422 553 2517 φαιδρύνεται
575 2431 610 2496 δὲ
634 2427 687 2494 οἶεῑ
710 2429 745 2493 τδ
769 2425 1070 2514 καταλαμπόμενον
1090 2429 1196 2520 Ἡλίῳ·
1218 2431 1255 2497 τό
1279 2431 1313 2496 δὲ
1336 2437 1493 2498 σκιασθὲν
1521 2433 1558 2498 ἐν
1587 2437 1627 2528 τῇ
1649 2437 1811 2522 περιφορᾷ
1832 2432 1889 2508 τὴν
1912 2431 2015 2500 αὐτοῦ

337 2535 588 2625 μεταλαμβάνει
610 2541 666 2626 τῆς
687 2531 786 2628 χρόας
808 2540 912 2606 ἰδέαν.

134 2651 231 2714 facilis
248 2655 297 2714 est
318 2651 427 2714 rectori
449 2653 542 2730 atque
564 2649 666 2712 mollis
686 2649 736 2712 hic
751 2667 859 2730 equus,
876 2647 948 2730 quia
962 2667 1134 2730 nunquam,
1151 2655 1187 2712 ut
1201 2651 1319 2732 primus
1335 2651 1506 2731 tertiusque
1521 2655 1628 2714 contra
1643 2651 1882 2732 gubernatorem
1904 2653 2012 2733 surgit.

136 2761 283 2842 Sequitur
306 2779 396 2842 aqua,
420 2762 506 2824 cuius
530 2760 611 2843 apud
633 2779 741 2825 omnes
763 2759 900 2841 Neptuni
922 2771 1035 2823 nomen
1058 2763 1179 2824 constat
1199 2761 1231 2844 (ξ
1255 2760 1328 2842 46);

339 2885 441 2958 τρίτος
463 2873 665 2949 Ποσειδῶνος
686 2862 775 2959 λερός,
798 2875 855 2936 τοῦ
877 2871 1026 2958 δευτέρου
1046 2859 1242 2959 βραδότερος

287 2981 344 3046 Cui
360 2982 386 3044 si
409 2981 494 3044 addit
517 2981 574 3045 Dio
596 2981 691 3045 haec:

338 3083 453 3162 τοότου
484 3093 520 3158 δέ
541 3095 783 3175 μυθολογοῦσιν
806 3095 940 3159 εἰδωλον
970 3098 1000 3158 ολ
1028 3103 1159 3175 ποιηταὶ
1186 3103 1344 3174 γενέσθαι
1373 3085 1643 3180 παρόἰνθρτόποις
1673 3095 1745 3178 ἐμοὶ
1771 3095 1875 3160 δοκεῖν
1896 3090 2011 3160 όντινα

341 3197 534 3288 ὀνομάζουσι
560 3193 719 3290 Πήγασον·
743 3218 802 3270 καί
820 3224 921 3288 φασιν
944 3199 1073 3268 ἄνεῑναι
1098 3193 1214 3288 κρήνην
1235 3204 1273 3271 ἐν
1297 3211 1446 3292 Κορίνθῳ
1469 3193 1662 3291 χαράξαντα
1686 3208 1726 3300 τῇ
1753 3199 1841 3300 όπλῇ

136 3312 291 3376 consentit
313 3314 351 3376 de
373 3332 435 3376 nou
457 3313 548 3394 plane
570 3312 774 3376 intermortua
795 3313 888 3376 huius
913 3313 983 3394 equi
1006 3315 1086 3394 apud
1111 3311 1244 3375 Graecos
1266 3313 1416 3375 memoria
1437 3331 1509 3377 cum
1535 3313 1681 3390 Cornuto,
1711 3313 1762 3394 qui
1785 3317 1952 3396 postquam
1974 3312 2013 3376 de

136 3425 280 3506 Neptuno
304 3423 379 3486 dixit
401 3423 532 3504 addit²):
562 3429 619 3490 τοῦ
641 3425 675 3490 δέ
700 3422 804 3492 αὐτοῦ
826 3425 921 3506 λόγου
942 3425 1053 3508 ἔχεται
1076 3435 1130 3488 καὶ
1153 3421 1189 3488 τό
1205 3424 1402 3501 Ποσειδῶνος
1418 3425 1493 3490 adda
1508 3426 1591 3490 εἶναι
1608 3425 1665 3491 τόν
1681 3425 1834 3508 Πήγασον
1856 3423 1925 3492 οἶπό
1947 3431 2013 3492 ταῖν

136 3541 250 3622 πηγῶν
272 3531 513 3618 αἰνομασμένον.
548 3537 668 3614 Agmcn
691 3533 808 3596 clandit
829 3536 922 3610 terra,
946 3551 1025 3614 quae
1041 3531 1151 3614 (Vesta
1165 3530 1256 3594 Dioni
1268 3531 1334 3594 aliis
1350 3531 1458 3610 Ceres)
1481 3533 1537 3596 etsi
1554 3532 1749 3620 ὑπομένει
1774 3537 1810 3601 έν
1832 3535 1879 3624 τῷ
1899 3533 2012 3624 μέσφ’)

135 3645 201 3708 dira
223 3644 366 3725 imaginis
389 3643 617 3707 necessitudine
638 3643 706 3724 ipsa
728 3661 850 3723 quoque
873 3661 971 3723 equus
994 3646 1059 3706 est:

337 3753 405 3821 o‘dd
422 3755 460 3840 δη
483 3766 635 3841 τέταρτος
657 3745 786 3821 εἰκάσαι
809 3744 946 3822 πάντων
968 3744 1181 3832 α’τοπιότατος
1203 3741 1326 3838 στερεός
1339 3781 1373 3820 τε
1396 3765 1452 3820 καὶ
1475 3751 1630 3838 α’κίνητος,
1653 3753 1712 3840 οὐχ
1736 3752 1823 3834 ὅπως
1838 3748 2011 3842 πτερωτός,

338 3857 508 3948 ἐπώνυμος
528 3863 661 3942 Ἑστίας.

134 3973 223 4052 Quod
245 3974 331 4038 vides
354 3976 542 4056 quantopere
566 3975 680 4037 sentiat
702 3973 759 4038 Dio
782 3973 951 4036 absurdum
974 3991 1050 4038 esse.
1097 3971 1157 4036 Sed
1181 3972 1284 4036 addit:

336 4080 421 4170 όμως
446 4085 480 4150 δὲ
496 4080 554 4152 οὕκ
570 4080 816 4170 ἀποτρέπονται
831 4089 886 4171 τῆς
900 4075 1031 4164 εἰκόνος,
1059 4080 1146 4149 α’λλοί
1162 4086 1362 4168 ἐνεζεῦχθαί
1373 4107 1454 4169 φασι
1477 4097 1531 4151 καὶ
1554 4091 1670 4153 τοῦτον
1691 4090 1738 4176 uqi
1752 4081 1889 4170 ἅρματι,
1904 4099 2012 4171 μένειν

338 4196 373 4261 δὲ
396 4193 481 4260 κατα
505 4186 616 4280 χώραν
638 4193 773 4277 χαλινόν
795 4186 984 4277 α’δᾶμαντος
1006 4192 1197 4260 ἐνδακόντα.

287 4321 434 4402 Sequitur
445 4321 637 4402 singulorum
648 4322 871 4383 elementorum
888 4321 950 4383 sire
966 4320 1074 4384 mundi
1089 4321 1250 4400 regionum
1266 4320 1501 4403 descriptionem
1515 4321 1649 4384 universi
1664 4321 1857 4385 adumbratio
1872 4323 2010 4387 eiusdem

134 4433 277 4514 imaginis
299 4431 427 4511 uestigia
450 4435 515 4494 arte
535 4449 679 4513 premens
702 4433 737 4512 (ξ
758 4431 830 4506 dit:

336 4544 530 4630 συνερείδειν
560 4543 594 4608 δέ
625 4537 842 4626 πανταχόθεν
862 4541 952 4632 αδτρῑ
974 4557 1038 4620 τοῖς
1060 4553 1178 4630 μέρεσι,
1206 4553 1262 4608 καῖ
1283 4538 1327 4609 ra)
1349 4539 1408 4610 δύο
1430 4542 1474 4608 ταὶ
1499 4545 1635 4629 πλησίον
1656 4541 1768 4626 ὁμοίως
1798 4543 1878 4628 πρός
1908 4542 2011 4612 αὐτόν

337 4655 502 4734 ἐγκλίνειν,
525 4650 666 4736 α’τεχνιιῖς
689 4655 905 4720 ἐπιπίπτοντε
926 4663 979 4719 καὶ
1003 4649 1193 4736 ω’θουμένω·
1215 4650 1272 4720 τόν
1294 4654 1329 4719 δὲ
1345 4645 1496 4730 ἐξωτάτω
1512 4655 1642 4741 πρῶτον
1657 4647 1709 4718 cisi
1726 4665 1799 4738 napi
1815 4653 1871 4721 τόν
1886 4659 2009 4721 ἐσταῑτα

338 4761 379 4841 τός
400 4752 521 4831 νόσσαν
543 4771 709 4851 φέρεσθαι.

134 4875 244 4954 Neque
272 4875 302 4936 te
329 4872 426 4954 fugiet
447 4873 498 4937 hic
519 4892 641 4954 quoque
667 4877 829 4955 poetarum
844 4890 930 4935 more
945 4870 1107 4954 Chrysippi
1129 4871 1300 4936 doctrinam
1323 4873 1539 4950 circumscribi,
1556 4871 1727 4936 secundum
1746 4890 1839 4953 quarn
1854 4871 1886 4934 in
1909 4873 2010 4937 medio

134 4987 218 5046 terra
237 4983 318 5046 iacet
341 4975 546 5051 πυκνότατον
568 4982 755 5068 ὑπέρεισμα.
779 4983 926 5048 Conferas
944 5001 1032 5064 porro
1055 5002 1091 5045 ex
1116 4983 1225 5046 cadem
1253 4983 1334 5066 apud
1360 4982 1528 5047 Stobaeum
1554 4984 1593 5047 dc
1619 4982 1790 5065 Chrysippo
1814 4983 2009 5047 narratione:

134 5107 206 5181 περὶ
231 5087 353 5182 ταύτην
364 5092 441 5182 (τήν
451 5095 527 5182 γῆν)
551 5093 586 5159 τό
609 5092 695 5182 ὕδωρ
709 5085 944 5184 περικεχύσθαι
959 5099 1152 5183 σφαιρικῶς.
1171 5142 1177 5156 .
1197 5089 1265 5160 α’πδ
1290 5095 1323 5160 δὲ
1346 5093 1404 5162 του
1428 5089 1545 5171 idaeae
1567 5094 1627 5162 τόν
1649 5093 1730 5180 α’έρα
1753 5095 1917 5182 ἐξῆρθαι.
1937 5106 2010 5160 καὶ

135 5204 370 5290 περικεχύσθαι
386 5203 579 5290 σφαιρικῶςτ
595 5207 630 5270 ἐκ
645 5207 681 5272 δὲ
694 5195 808 5272 τοότον
822 5204 879 5271 τόν
893 5209 1015 5292 αἰθέρα
1033 5253 1039 5267 .
1053 5253 1059 5264 .
1075 5205 1111 5270 τδ
1124 5205 1159 5270 δὲ
1171 5195 1424 5294 περιφερόμενον
1435 5202 1524 5294 αὐτῷ
1536 5205 1705 5286 ἐγκυκλίως
1718 5211 1844 5290 αἰθέρα
1861 5205 1946 5270 εἰναι
1960 5259 1965 5270 .
1981 5253 1987 5265 .
2003 5258 2008 5270 .

288 5376 307 5436 ¹)
326 5371 357 5424 cf.
375 5371 506 5424 Plutarch.
525 5371 556 5424 do
574 5371 651 5426 Stoic.
670 5387 719 5441 rep.
737 5389 758 5426 c.
777 5373 816 5426 43.

286 5461 307 5514 ’t
325 5457 356 5510 ct.
374 5456 479 5510 Comuti
498 5455 575 5509 theol.
594 5472 675 5523 graec.
695 5457 734 5510 cd.
754 5457 826 5523 Lang
843 5473 866 5526 p.
884 5455 975 5520 44,10.

287 5541 309 5602 ³t
327 5542 358 5596 τί.
377 5559 401 5611 p.
419 5542 435 5594 3
453 5541 511 5597 adn.
530 5543 552 5594 3.
