5060 6604
1157 811 1193 872 ll

382 1019 496 1082 Restat*
520 1020 556 1080 ut
585 1017 623 1081 de
650 1016 750 1080 verbis
780 1012 804 1083 ά
830 1015 912 1104 μήτε
943 1021 983 1113 τῇ
1011 1015 1197 1092 iudicemus,
1231 1032 1309 1095 quae
1340 1015 1503 1096 Emporius
1525 1015 1609 1076 reete
1637 1013 1759 1094 partem
1782 1029 1848 1075 esse
1877 1011 1953 1074 dixit
1973 1011 2111 1094 primarii

232 1128 386 1194 enuntiati
400 1133 493 1209 atque
508 1126 667 1192 lenissima
688 1145 785 1190 manu
796 1127 828 1188 in
847 1125 999 1212 ἁμηγέπη
1023 1125 1263 1190 transformavit.
1301 1125 1433 1188 Diffieile
1450 1125 1498 1187 est
1514 1127 1620 1198 eontra
1634 1129 1701 1185 tam
1716 1122 1887 1205 speciosam
1903 1122 2109 1186 coniecturam

230 1257 377 1323 pugnare.
413 1239 530 1302 Tamen
545 1237 651 1302 dubito
666 1238 704 1302 de
729 1237 794 1300 eius
816 1237 955 1300 veritate.
999 1237 1114 1300 Attulit
1136 1239 1241 1300 autem
1263 1236 1425 1318 Emporias
1444 1236 1477 1308 Ι),
1499 1237 1535 1297 ut
1559 1235 1722 1312 inventum
1736 1233 1891 1314 probaret,
1926 1231 2029 1296 looum
2057 1233 2110 1314 qui

231 1351 258 1414 ei
273 1349 432 1414 videbatur
454 1348 628 1412 simillimus
652 1365 732 1411 esse:
768 1360 825 1414 καλ
846 1346 905 1415 οὐκ
927 1346 1002 1414 οἴδα
1024 1345 1113 1426 ὅπως
1140 1349 1227 1414 δοκεῖ
1247 1375 1304 1432 μοι
1328 1346 1607 1431 προσεοικέναιτὸ
1630 1351 1695 1411 τῶν
1717 1341 1896 1428 φιλοσόφων
1917 1338 2016 1412 ἐνίων
2036 1355 2109 1428 περὶ

230 1461 303 1540 τούς
324 1452 437 1544 λόγους
457 1455 644 1548 άμηγέπη
666 1459 708 1556 τῇ
728 1464 795 1525 τῶν
817 1457 1046 1546 κοροπλάθων.
1099 1456 1207 1537 Neque
1240 1475 1318 1536 nego
1352 1456 1510 1538 aptissime
1532 1455 1604 1518 buio
1626 1453 1799 1517 sententiae
1833 1453 2008 1535 adpositum
2040 1471 2110 1516 esse

233 1570 515 1651 „quodammodo“;
542 1586 615 1632 nam
638 1567 773 1648 quadam
794 1567 912 1631 ratione
934 1567 1050 1630 similes
1073 1570 1147 1630 sunt
1170 1569 1252 1631 artes
1275 1565 1455 1652 φιλοσόφων
1485 1568 1516 1629 et
1536 1565 1766 1650 κοροπλάθων.
1812 1563 1872 1627 Sed
1889 1563 1941 1644 qui
1957 1563 2110 1626 muudum

231 1680 347 1744 civitati
368 1681 558 1761 eomparent,
581 1679 608 1742 ei
630 1680 687 1742 boo
706 1695 769 1742 non
790 1676 909 1741 laniunt
932 1677 1066 1758 quodam
1086 1677 1202 1754 modo,
1226 1677 1279 1740 sed
1301 1694 1403 1757 neque
1426 1676 1603 1740 dubitantes
1625 1693 1726 1755 neque
1748 1674 1833 1737 verbi
1855 1673 2111 1755 significationem

231 1791 390 1853 mutantes
406 1791 593 1871 eomparant.
625 1789 751 1852 Aeoedit
767 1787 849 1870 qnod
864 1787 1056 1851 desideratur
1071 1787 1110 1851 ad
1126 1785 1369 1873 προσεικάζουσι
1384 1787 1623 1863 substantivum,
1647 1804 1707 1866 quo
1731 1786 1759 1848 ei
1774 1787 1933 1861 notentur,
1957 1784 2010 1865 qui
2025 1784 2111 1847 illam

231 1899 491 1981 eomparationem
514 1898 771 1980 excogitaverunt.
825 1897 896 1962 lam
927 1915 998 1961 vero
1030 1897 1211 1974 Stoieorum,
1236 1916 1367 1978 quorum
1400 1907 1568 1979 praerepta
1602 1896 1758 1976 sequitur,
1791 1913 1965 1976 numquam
1997 1913 2110 1960 nomen

233 2009 411 2092 pronuntiat
432 2009 464 2070 in
496 2009 555 2072 hae
587 2009 731 2080 oratione,
753 2025 854 2088 neque
877 2009 979 2089 potest
1007 2009 1039 2070 in
1069 2007 1190 2082 fabula,
1213 2025 1309 2088 quam
1331 2008 1495 2088 Magorum
1517 2025 1584 2071 esse
1605 2006 1701 2082 finxit
1725 2005 1897 2070 Stoicorum
1920 2005 2110 2069 mentionem

232 2118 342 2183 faeere.
372 2119 609 2202 Borysthenitae
632 2118 724 2198 enim,
750 2117 901 2182 Getarum
922 2117 1056 2196 finitimi,
1080 2119 1133 2200 qui
1155 2117 1332 2201 Pbooylidis
1354 2136 1393 2180 ne
1415 2112 1677 2197 nomen'quidem
1700 2117 1873 2192 audierunt
1902 2115 2111 2198 Chrysippum

231 2248 322 2293 nosse
347 2229 514 2292 verisimile
542 2247 604 2294 non
631 2230 687 2295 est.
731 2229 833 2310 Igitur
862 2228 1008 2293 Geelione
1032 2229 1291 2312 adstipulabimur
1312 2227 1598 2317 προσεικάζομεν
1620 2226 1824 2309 proponenti?
1857 2227 1993 2290 Minime.
2028 2225 2110 2289 Nam

233 2342 375 2420 apertum
397 2343 445 2402 est
465 2339 513 2402 bis
535 2340 635 2404 verbis
657 2339 790 2403 Dionem
813 2339 913 2402 aliena
935 2343 970 2402 ut
993 2340 1094 2403 aliena
1116 2357 1367 2416 commemorare,
1392 2337 1429 2401 ud
1453 2356 1510 2402 sua
1525 2337 1658 2401 transire
1681 2338 1781 2400 verbis
1803 2330 1896 2416 οὗτος
1919 2339 1956 2404 δὲ
1978 2335 1996 2403 ά
2018 2336 2110 2419 λόγος

231 2453 297 2516 κτλ.
341 2448 451 2529 Itaque
474 2467 535 2512 non
557 2452 682 2532 erpeeto
705 2448 879 2514 Stoicorum
901 2467 1024 2526 nomen,
1059 2449 1112 2512 sed
1135 2450 1197 2513 tale
1219 2449 1355 2524 verbum,
1389 2467 1426 2513 ex
1448 2467 1508 2529 quo
1531 2447 1723 2512 Graecorum
1750 2447 1950 2510 humaniores
1978 2446 2110 2510 Dionem

232 2559 369 2639 legentes
392 2559 635 2622 animadvertere
657 2563 808 2641 poterant,
831 2560 869 2623 de
893 2558 1003 2623 Stoiois
1025 2579 1092 2624 rem
1114 2561 1171 2640 agi.
1216 2561 1359 2640 Denique
1382 2559 1407 2621 si
1429 2558 1607 2622 reeordatus
1631 2559 1672 2621 sis
1689 2558 1800 2640 opponi
1822 2558 1879 2620 hoo
1901 2557 1966 2621 loeo
1988 2556 2110 2620 dioendi

231 2668 382 2732 rationem
415 2687 495 2750 quae
527 2669 713 2750 imaginibus
746 2669 844 2732 utitur
870 2669 906 2746 ei,
941 2687 1019 2749 quae
1048 2671 1228 2753 simpliciter
1257 2670 1331 2734 dioit
1352 2669 1426 2750 quid
1448 2669 1571 2744 sentiat,
1606 2670 1772 2732 excusabor
1804 2667 1932 2732 fortasse
1964 2669 1990 2730 si
2017 2665 2111 2730 ineidi

231 2779 264 2841 in
287 2777 617 2868 ἀλληγοροῦντος
640 2780 881 2862 προσεικάζουσι
904 2798 958 2862 pro
981 2798 1016 2844 eo
1039 2782 1121 2862 quod
1142 2781 1293 2845 traditum
1315 2782 1364 2844 est
1385 2779 1409 2846 ά
1430 2773 1511 2867 μήτε
1531 2780 1572 2874 τῇ
1595 2768 1848 2869 προσεικάζουσι.

971 3005 1375 3012 ——-.-—-...-..—.—

383 3177 422 3240 In
445 3177 613 3259 appendice
635 3176 737 3240 dieam
759 3177 796 3240 de
818 3198 879 3241 uno
908 3179 973 3242 looo
999 3181 1146 3262 prooemii
1176 3183 1240 3246 eius
1267 3180 1420 3256 orationis,
1448 3195 1543 3260 quam
1569 3177 1677 3240 babuit
1699 3176 1773 3254 Dio,
1803 3179 1968 3258 postquam
1996 3177 2112 3241 relictis

233 3287 460 3371 Borysthenitis
483 3285 660 3385 Olympiam
682 3305 714 3351 se
737 3288 874 3362 eontulit
902 3289 934 3350 in
957 3307 1017 3369 quo
1040 3293 1143 3355 orator
1164 3291 1280 3355 nescire
1303 3309 1336 3353 se
1363 3289 1449 3366 dioit,
1477 3291 1584 3351 utrum
1611 3286 1649 3350 do
1677 3286 1867 3350 Graecorum
1894 3287 2018 3351 illorum
2047 3289 2110 3352 vita

234 3415 400 3477 eorumque
423 3415 494 3460 eum
522 3397 658 3460 barbaris
680 3397 803 3479 proeliis
825 3399 906 3478 agat
929 3415 969 3460 an
991 3436 1032 3444 -
1055 3401 1221 3464 dummodo
1244 3398 1374 3463 dioentie
1396 3398 1474 3461 eires
1497 3397 1553 3459 tali
1574 3397 1697 3478 inoepto
1718 3414 1808 3478 pares
1831 3396 1893 3459 sint
1915 3433 1956 3442 -
1978 3398 2016 3462 de
2037 3398 2112 3464 Iove

234 3505 401 3588 Olympiae,
425 3511 495 3570 ante
518 3509 605 3570 ouius
627 3507 735 3588 templi
764 3511 869 3590 portas
891 3507 1085 3574 declamabit.
1130 3511 1277 3593 Proponit
1304 3508 1398 3590 igitur
1426 3506 1614 3570 auditoribus
1641 3506 1701 3570 duo
1724 3509 1916 3586 argumente,
1939 3525 1975 3571 er
1998 3507 2111 3590 quibus

233 3635 332 3680 unum
355 3617 478 3697 eligant
500 3618 548 3681 bis
570 3618 669 3682 verbis
692 3617 722 3700 (ξ
746 3617 818 3702 21);

436 3727 575 3818 πότερον
598 3723 657 3799 οὖν
677 3723 771 3817 ἥδιον
791 3727 868 3815 ὑμῖν
889 3742 945 3796 καὶ
967 3729 1094 3815 μᾶλλον
1114 3732 1151 3798 ἐν
1173 3735 1277 3821 καιριγῖ
1299 3739 1373 3816 περὶ
1394 3735 1460 3799 τῶν
1482 3730 1549 3794 last
1569 3726 1801 3815 διηγήσασθαι,
1823 3734 1883 3796 τοῦ
1901 3756 1938 3795 τε
1958 3735 2112 3816 ποταμοῦ

435 3837 471 3903 τά
493 3846 633 3920 μέγεθος
655 3839 787 3924 καὶτῆς
810 3832 915 3930 χώρας
936 3841 997 3928 τήν
1022 3841 1117 3926 φύσιν
1140 3839 1158 3924 ἢ
1180 3838 1272 3930 ω’ροῖν
1300 3837 1341 3918 ὦς
1369 3841 1475 3923 ἔχουσι
1502 3838 1641 3926 κράσεως
1668 3851 1724 3905 καὶ
1750 3839 1815 3907 τῶν
1846 3835 2033 3927 α’νθράπιον
2054 3841 2115 3909 τοῦ·

435 3959 559 4028 γένους,
582 3949 631 4014 to
653 3949 690 4016 δὲ
713 3950 804 4033 οἶμαι
832 3955 893 4018 τοῦ
914 3941 1061 4038 πλήθους
1088 3962 1144 4017 καὶ
1170 3957 1224 4038 τῆς
1252 3955 1464 4038 παρασκευῆς,
1487 3948 1508 4036 ἢ
1528 3953 1656 4034 μᾶλλον
1685 3947 1853 4040 ἅψασθαι
1880 3956 1935 4038 τῆς
1973 3957 2110 4041 προσβο-

333 4075 334 4084 ’
436 4068 530 4146 τέρας
544 4069 648 4125 τεκαὶ
662 4061 804 4142 μοίζυνος
818 4066 958 4150 ἱστορίας
974 4071 1047 4150 περὶ
1062 4061 1158 4128 τοῦδε
1173 4061 1231 4128 τοῦ
1245 4066 1341 4136 θεοῦ,
1357 4055 1435 4147 παρ’
1450 4050 1476 4150 ᾦ
1490 4065 1550 4128 νῦν
1564 4061 1676 4145 lepram
1688 4058 1756 4142 (22)
1768 4050 1859 4138 οὗτος
1874 4061 1938 4147 γάρ
1953 4061 1991 4150 δι’]
2006 4063 2109 4141 κοινάς

436 4161 627 4257 ἀνθρώπων
649 4179 704 4235 καλ
726 4176 815 4238 θεῶν
836 4171 989 4250 βασιλεύς
1010 4199 1045 4238 τε
1066 4183 1120 4238 καλ
1143 4167 1255 4258 άρχων
1275 4181 1330 4236 καλ
1354 4169 1511 4259 πρύτανις
1533 4181 1588 4237 καὶ
1609 4169 1729 4255 πατήρ,
1760 4171 1810 4236 ἔτι
1831 4172 1868 4236 δὲ
1899 4161 2025 4260 εἰρήνης
2055 4183 2110 4238 καλ

437 4279 579 4360 πολέμου
597 4291 726 4361 ταμίας,
748 4277 789 4356 ὦς
814 4297 878 4358 τοῖς
900 4279 1052 4368 πρότερον
1074 4282 1235 4369 ἐμπείροις
1261 4291 1316 4348 καί
1351 4298 1458 4366 σοφοῖς
1489 4296 1641 4366 ποιηταῖς
1669 4281 1788 4363 ἔδοξεν,
1818 4279 1879 4347 ἐάν
1908 4307 1977 4358 πιος
2004 4286 2110 4348 ἱκανοὶ

435 4385 606 4469 γινώμεθα
628 4388 690 4474 τήν
716 4415 750 4454 τε
779 4387 994 4474 polemonicae
1022 4401 1077 4455 καὶ
1103 4390 1163 4476 τήν
1185 4390 1328 4475 δύναμιν
1355 4389 1500 4480 ὑμνῆσαι
1529 4389 1612 4480 λόγῳ
1634 4393 1754 4479 βραχεῖ
1772 4401 1828 4457 καλ
1859 4389 2033 4458 ἀποδέοντι
2053 4391 2112 4478 τῆς

437 4489 540 4573 άξίας,
564 4492 652 4563 adad
674 4485 739 4565 που
759 4500 866 4566 ταῦτα
888 4503 1043 4582 λέγοντες.

233 4603 337 4666 omnia
358 4621 434 4666 sana
456 4606 530 4666 sunt
552 4607 684 4687 exeeptis
706 4608 805 4671 verbis
833 4609 986 4684 extremis,
1009 4627 1088 4689 quae
1117 4627 1179 4673 non
1201 4609 1292 4673 modo
1317 4610 1430 4674 misere
1453 4612 1601 4692 languent
1634 4611 1689 4674 sed
1719 4611 1768 4675 vix
1796 4610 1933 4692 intellegi
1962 4615 2110 4694 possunt:

233 4711 357 4792 Quare
385 4713 647 4792 Herwerdenus²J
676 4736 774 4798 nuper
795 4719 870 4782 haee
898 4719 943 4782 ita
965 4718 1154 4783 conformare
1177 4721 1297 4784 studuit
1318 4719 1407 4790 οάτά
1434 4749 1498 4790 που
1520 4719 1747 4803 ιάναγκαῑα
1770 4725 1924 4804 λέγοντες.
1970 4719 2110 4786 Diffioul-

233 4825 330 4887 tatem
352 4824 494 4905 equidem
517 4825 577 4888 alie
597 4827 647 4888 via
669 4827 762 4890 velim
783 4847 948 4906 removere,
968 4829 1000 4892 in
1024 4849 1118 4910 quam
1143 4849 1193 4894 me
1209 4831 1328 4895 induxit
1353 4831 1434 4912 quod
1460 4831 1521 4896 vidi
1546 4850 1695 4895 bonerum
1720 4831 1943 4893 sententiarum
1958 4831 2053 4894 etiam
2077 4831 2110 4894 in

233 4935 433 5014 sequentibus
456 4936 645 5016 gravioribus
667 4937 804 5000 laborare
827 4938 1070 5004 difficultatibus.
1115 4940 1214 5022 Legae
1238 4941 1320 5004 enim
1341 4942 1557 5021 insequentem
1579 4941 1808 5024 paragraphum
1831 4939 1919 5022 (23);

435 5037 488 5129 ἆρ’
516 5039 575 5114 οὖν
602 5047 688 5113 κατά
711 5043 855 5116 Ἡσίοδον
883 5044 988 5138 ἄνδρα
1013 5049 1147 5132 α’γαθόν
1168 5062 1224 5117 καλ
1251 5053 1402 5132 Μούσαις
1432 5057 1527 5138 φίλον
1546 5051 1699 5136 α’ρκτίον,
1736 5049 1779 5130 οἷς
1802 5051 1920 5131 ἐκεῖνος
1941 5049 2032 5135 μάλα
2055 5055 2109 5137 ἔμ-

436 5155 556 5242 φρόνως
576 5154 633 5224 oria
655 5155 753 5236 αι’ντός
773 5148 949 5246 ἐτόλμησεν
968 5158 1140 5250 ἄρξασθαι
1158 5167 1237 5250 παρ’
1253 5161 1357 5232 αὑτοῦ
1372 5164 1572 5250 διανοηθείς,
1589 5161 1675 5228 άλλά
1693 5163 1753 5242 τοὶς
1769 5162 1908 5242 Μούσας
1923 5166 2112 5253 παρακαλεῖ

386 5352 408 5414 ¹)
425 5365 460 5403 or.
479 5349 531 5416 LX,
550 5351 571 5404 9.
592 5351 622 5404 cf.
641 5349 753 5421 Emperii
770 5351 831 5408 Obs.
850 5370 874 5422 p.
892 5353 933 5407 48,

384 5436 406 5499 ¹)
424 5434 453 5488 el.
472 5433 580 5490 Hermes
597 5435 655 5504 vll,
669 5437 709 5491 76.
