4882 6614
1070 899 1109 962 13

134 1119 273 1182 quoque,
296 1100 370 1182 quid
385 1100 443 1164 sihi
464 1100 570 1178 velint,
596 1119 668 1164 eum
689 1119 751 1163 non
767 1099 872 1180 firgict,
895 1100 948 1179 qui
970 1099 1184 1164 definitionum
1206 1099 1243 1164 de
1259 1099 1371 1179 quihus
1385 1097 1444 1163 Dio
1460 1101 1553 1162 antee
1567 1097 1599 1180 (5
1615 1099 1669 1180 29)
1685 1098 1897 1181 disputaverat
1910 1117 2031 1163 memor

134 1213 198 1274 est.
245 1209 363 1274 Stoicos
384 1209 466 1272 euim
488 1211 611 1274 constat
641 1213 673 1274 et
701 1209 817 1272 civitati
838 1207 998 1298 (σύστημα
1020 1213 1056 1289 ἐξ
1078 1207 1271 1298 διθράπισν
1293 1219 1347 1276 καί
1369 1209 1477 1290 θεῶν)
1509 1212 1541 1272 et
1568 1209 1696 1272 animali
1730 1207 1843 1300 (ζῷον)
1873 1209 2027 1272 mundum

135 1337 345 1403 comparasse.
396 1319 493 1400 Atqui
522 1319 604 1400 §30
633 1319 752 1384 dixerat
784 1319 843 1382 Dio
872 1319 1042 1384 absurdum
1072 1320 1169 1384 videri
1198 1318 1354 1383 mundum
1388 1317 1481 1381 simul
1513 1318 1670 1382 civitatem
1703 1321 1735 1380 et
1767 1317 1883 1381 animal
1916 1318 2027 1382 dicere.

136 1429 256 1494 Prioris
270 1431 376 1492 eutem
388 1427 574 1492 definitionis
588 1429 657 1492 tum
672 1428 884 1493 defensionem
898 1434 1076 1512 susceperat
1086 1431 1166 1508 (30),
1183 1430 1314 1494 alteram
1329 1427 1479 1504 (mundus
1491 1453 1531 1482 =
1548 1427 1677 1501 animal)
1695 1427 1728 1490 in
1744 1427 1836 1491 dubio
1851 1427 2024 1508 reliquerat.

136 1537 232 1616 Quod
254 1556 309 1602 cur
329 1536 437 1602 secent
458 1556 541 1602 nunc
563 1538 700 1620 adparet.
741 1538 826 1602 Nihil
848 1539 932 1602 enim
958 1539 1033 1603 certi
1056 1538 1093 1603 de
1116 1540 1216 1602 altera
1236 1541 1359 1622 poterat
1380 1537 1580 1614 constituere,
1603 1538 1786 1620 priusquam
1807 1537 1893 1601 varia
1917 1537 2028 1602 mundi

137 1647 206 1711 sata
229 1647 418 1730 explicasset.
462 1647 651 1730 ltrplicatius
674 1651 780 1712 autern
800 1667 872 1712 mor
894 1649 932 1712 de
955 1648 1003 1712 his
1022 1649 1250 1713 definitionibus
1273 1647 1487 1729 quaerendum
1509 1647 1575 1713 erit.
1622 1647 1713 1710 Nunc
1742 1647 1799 1710 hoc
1821 1647 1898 1726 dico,
1926 1650 2028 1710 creato

136 1757 259 1822 mundo
280 1757 461 1820 universum
483 1774 549 1821 esse
572 1757 739 1835 civitatem,
756 1757 857 1822 diruto
873 1759 998 1822 animal.
1028 1758 1145 1822 Audias
1161 1757 1410 1834 Plutarchum¹):
1433 1768 1488 1825 nat
1507 1757 1574 1844 μὴν
1589 1755 1670 1824 ὅταν
1692 1755 1870 1846 ἐκπύρωσις
1895 1769 2029 1844 γενηται

139 1869 177 1932 δί
194 1863 270 1934 όλου
293 1870 349 1953 ζῆν
371 1877 427 1932 καί
451 1868 533 1956 ζῷον
555 1869 641 1934 εἶναι
666 1865 739 1950 (τόν
761 1860 898 1951 κόσμον)
923 1880 1027 1955 φησίν·
1044 1859 1260 1952 σβεννόμενσν
1274 1870 1302 1935 δ’
1327 1861 1430 1946 αὖθις
1455 1876 1512 1932 καὶ
1538 1865 1766 1951 παχυνόμενον
1792 1871 1835 1944 είς
1857 1861 1943 1950 ὕδωρ
1972 1875 2027 1932 καί

139 1982 202 2064 γῆν
224 1988 278 2043 καί
297 1977 335 2044 τδ
359 1979 574 2062 σωματοειδὲς
597 1987 793 2064 τρέπεσθαι.
823 1977 867 2041 Εο
889 1979 1016 2040 tanturn
1038 1976 1184 2041 differunt
1208 1979 1240 2040 et
1254 1976 1313 2040 Dio
1336 1979 1367 2040 et
1384 1976 1549 2056 Diogenes,
1573 1973 1654 2056 quod
1676 1975 1727 2038 hic
1742 1975 1921 2038 universum
1936 1973 2028 2056 quale

139 2089 191 2150 est
212 2085 461 2168 conflagrationis
483 2090 632 2170 tempore,
655 2086 707 2150 ille
730 2087 820 2168 quale
837 2089 885 2150 est
906 2086 1101 2150 humiditatis
1123 2089 1208 2150 statu
1231 2087 1250 2150 i.
1266 2105 1292 2151 e.
1315 2086 1439 2150 initium
1454 2084 1683 2169 palingenesiae
1705 2084 1832 2147 animali
1859 2087 2027 2166 comparat,

140 2199 209 2260 siue
232 2196 323 2260 dubio
345 2215 384 2260 ne
405 2197 489 2260 illius
516 2197 715 2261 sanctitatem
737 2195 914 2261 deminuere
940 2195 1091 2262 videatur.
1137 2195 1198 2260 Sed
1226 2196 1264 2260 de
1286 2215 1319 2259 re
1347 2197 1415 2280 ipsa
1437 2194 1654 2260 consentiunt:
1690 2195 1790 2258 valere
1819 2195 1928 2259 mundi
1956 2213 2027 2259 curn

141 2306 269 2370 animali
291 2306 552 2389 comparationem
583 2309 674 2370 ante
696 2307 756 2392 τήν
776 2307 1002 2394 διακόσμησιν.
1047 2305 1140 2370 Νοοο
1170 2305 1256 2370 vides
1289 2305 1442 2386 quomodo
1477 2305 1584 2369 Dionis
1606 2307 1626 2384 S
1649 2305 1690 2367 29
1718 2306 1749 2368 et
1773 2305 1809 2366 51
1835 2305 2027 2370 cohaereant.

142 2415 246 2498 Supra
274 2415 395 2479 dixerat
423 2419 459 2484 τό
480 2414 545 2506 γάρ
568 2415 649 2486 adro*
672 2407 775 2483 πόλιν
796 2442 831 2483 τε
852 2428 908 2484 καὶ
932 2419 1012 2507 ζῷον
1034 2415 1092 2485 οάκ
1115 2415 1159 2486 άν
1185 2419 1278 2501 οἶμαι
1307 2418 1426 2506 ῥᾳδίως
1455 2413 1613 2499 δπσμίνοι
1649 2441 1697 2493 τις
1726 2413 1920 2493 ὑπολαβεῖν,
1950 2415 1969 2478 i.
2002 2435 2026 2480 ο.

141 2529 311 2607 negaverat
333 2526 425 2588 simul
449 2526 606 2590 civitatem
628 2527 658 2589 et
687 2525 803 2588 animal
831 2543 899 2589 esse
930 2525 1094 2591 mundum.
1139 2525 1231 2590 Nunc
1260 2525 1360 2588 verbis
1391 2521 1467 2592 τότε
1490 2525 1528 2612 δὴ
1548 2516 1691 2610 μάλιστα
1713 2560 1754 2570 -
1777 2523 1901 2611 τρόπου
1931 2524 2027 2603 addit,

142 2655 205 2716 quo
226 2639 364 2718 tempore
386 2635 523 2699 mundus
545 2653 606 2699 non
623 2635 750 2716 quidem
771 2635 886 2710 civitas,
911 2635 965 2698 sed
988 2635 1104 2698 animal
1125 2635 1174 2699 sit.
1209 2636 1365 2699 Nimirum
1393 2635 1425 2697 in
1441 2634 1507 2698 eius
1530 2636 1623 2711 statu,
1640 2653 1733 2715 quem
1747 2633 1839 2699 modo
1860 2633 2028 2718 descripsit.

142 2747 220 2832 μονή
244 2745 387 2826 corporis,
409 2763 500 2810 mens
523 2745 619 2808 animi
640 2748 745 2828 partes
767 2744 916 2828 suscepit;
939 2764 1000 2809 non
1022 2745 1118 2826 igitur
1139 2746 1246 2829 inepta
1268 2747 1316 2810 est
1338 2745 1390 2808 ille
1412 2745 1607 2827 comparatio.

299 2907 359 2971 Sed
388 2907 420 2969 in
449 2905 565 2970 tradita
591 2905 685 2970 huius
713 2905 884 2970 sententiae
912 2905 1012 2969 torma
1036 2905 1152 2970 leviora
1178 2908 1253 2969 suut
1282 2923 1361 2987 quae
1394 2905 1585 2988 displiceant
1634 2904 1776 2968 Primum
1799 2904 2028 2968 animadvertas

143 3017 239 3080 verbo
270 3008 347 3084 τότε
378 3053 421 3062 -
441 3009 566 3102 τρόπον
587 3016 806 3099 parentheseos
828 3017 894 3080 loco
927 3015 1032 3078 addita
1061 3033 1137 3080 esse.
1185 3013 1302 3094 διωῦς
1336 3015 1419 3078 οοίτο
1448 3015 1622 3078 subiectum
1649 3019 1714 3092 est,
1752 3015 1790 3080 de
1820 3035 1881 3096 quo
1917 3015 2030 3078 dicitur

145 3126 350 3212 ποιήσας-
373 3126 523 3194 πλάττει.
585 3125 705 3189 Deinde
747 3143 802 3188 cur
838 3143 958 3189 unum
991 3143 1058 3189 esse
1090 3143 1195 3190 semen
1223 3125 1280 3189 hoo
1317 3124 1382 3188 loco
1408 3126 1535 3188 moneat
1566 3142 1627 3187 non
1660 3123 1756 3188 rideo.
1791 3125 1902 3205 Agitur
1934 3125 2027 3188 etiam

144 3237 175 3299 in
204 3236 304 3318 priore
331 3235 369 3299 de
395 3236 516 3298 unius
539 3235 730 3299 substantiae
753 3235 1022 3299 vicissitudinibus.
1067 3235 1148 3299 Tum
1178 3235 1260 3316 quod
1288 3233 1387 3324 δγρδιι
1418 3233 1525 3310 scribo,
1556 3234 1637 3315 quod
1667 3233 1706 3296 od
1735 3248 1866 3322 σπέρμα
1894 3234 2030 3298 referen-

145 3343 222 3408 dum
252 3348 308 3420 est,
339 3347 448 3428 sponte
474 3345 534 3409 hoc
555 3363 588 3409 se
618 3344 824 3410 commendat
861 3345 1004 3426 Denique
1034 3345 1060 3408 si
1087 3365 1177 3410 mens
1207 3345 1318 3408 dicitur
1347 3344 1571 3408 circumvolans
1592 3343 1624 3406 in
1652 3344 1779 3422 semine,
1811 3362 1905 3424 quem
1935 3345 2028 3408 stoice

145 3454 204 3518 hoc
233 3454 351 3518 dictum
381 3454 429 3531 sit,
462 3455 551 3518 testis
573 3457 620 3517 est
653 3454 820 3542 Diogenes,
844 3455 897 3535 qui
925 3473 950 3520 c.
973 3455 993 3517 l.
1028 3455 1137 3518 eadem
1170 3453 1397 3536 comparatione
1429 3454 1575 3517 utebatur
1600 3451 1709 3542 ὥσπερ
1742 3455 1779 3522 ἐν
1812 3455 1853 3552 τῇ
1885 3455 1965 3552 γονῇ
1991 3455 2028 3520 τά

145 3576 285 3654 σπέρμα,
315 3565 335 3627 i.
365 3584 391 3628 e.
422 3582 459 3628 ea
489 3564 617 3628 seminis
639 3563 833 3646 singulorum
866 3564 1072 3628 animantium
1104 3582 1185 3646 pars,
1219 3581 1298 3644 quae
1330 3565 1415 3626 creat
1447 3565 1478 3626 et
1514 3563 1587 3642 egit.
1639 3561 1702 3626 Sed
1731 3563 1805 3643 quid
1835 3563 1891 3628 sihi
1919 3563 2029 3626 volunt

145 3674 311 3737 coniuncta
332 3692 404 3738 curn
426 3673 606 3756 particulari
636 3673 753 3738 semine
780 3675 936 3742 sarhaed
964 3671 1193 3742 πλάττονται
1226 3675 1478 3763 δημιουργοῦ
1485 3674 1526 3741 v?
1581 3675 1664 3756 Apta
1691 3671 1792 3737 forent
1824 3673 1861 3736 de
1894 3673 2027 3738 universi

145 3783 264 3846 semine
285 3782 378 3859 dicta,
394 3783 432 3848 dc
455 3802 515 3864 quo
538 3785 645 3848 statim
668 3785 811 3866 sequitur
831 3782 882 3852 δτι
903 3803 1004 3854 τυποῖ
1024 3796 1078 3852 καῖ
1100 3775 1245 3854 πλάττει.
1281 3781 1478 3848 Confidenter
1500 3801 1659 3847 removeas
1673 3782 1774 3860 rerba,
1790 3801 1869 3864 quae
1885 3785 1920 3846 ut
1933 3783 2028 3846 totius

145 3892 297 3956 enuntiati
320 3911 446 3956 sensum
469 3893 774 3977 comprehenderent,
804 3893 938 3975 margini
967 3894 1040 3957 olim
1069 3894 1224 3975 adscripta
1251 3891 1384 3956 fuerant.
1436 3891 1539 3971 Quam
1564 3895 1602 3956 ob
1631 3911 1698 3956 rem
1720 3895 1819 3956 totam
1842 3893 2028 3958 sententiam

144 4003 190 4064 ita
212 4003 413 4068 constituam:
437 4001 545 4093 δγρόν
568 4006 604 4072 δὲ
626 4003 764 4086 ποιήσας
781 4005 839 4090 τὴν
855 3999 936 4088 ὅλην
951 4003 1064 4072 οὐσίαν
1079 4003 1145 4086 [ἓν]
1161 4015 1289 4090 σπέρμα
1303 4007 1362 4070 τοῦ
1377 4002 1515 4082 παντός,
1532 4005 1568 4072 ἒν
1582 4000 1684 4094 τούτῳ
1699 4005 1855 4086 διαθέων,
1869 4003 2029 4092 καθάπερ

145 4115 182 4180 ἐν
204 4117 285 4210 γονῇ
308 4113 438 4198 πνεῦμα
463 4113 515 4192 [τό
546 4111 692 4182 πλάττον
715 4126 769 4180 καὶ
792 4109 1022 4202 δημιουργοῦν]
1045 4111 1130 4196 (τότε
1151 4115 1189 4201 δὴ
1211 4113 1355 4198 μάλιστα
1378 4113 1571 4202 προσεοικώς
1591 4119 1630 4206 τῇ
1650 4114 1716 4180 τῶν
1747 4111 1858 4182 ἄλλων
1878 4112 2026 4182 συστάσει

145 4211 247 4312 ζῴων,
270 4223 421 4290 καθόσον
443 4224 478 4290 ἔκ
500 4223 608 4312 ψυχῆς
632 4233 687 4291 καὶ
710 4222 854 4309 στόματος
869 4222 1063 4292 συνεστάναι
1083 4225 1198 4306 λέγοιτ’
1221 4220 1266 4289 άν
1287 4221 1346 4290 οὐκ
1368 4219 1438 4289 cino
1460 4221 1609 4306 τρόπου),
1636 4223 1678 4289 τά
1702 4225 1804 4291 λοιπά
1828 4220 1890 4311 ἤδη
1912 4225 2028 4314 ῥᾳδίοις

144 4324 282 4400 πλάττει
310 4343 365 4398 καὶ
394 4349 495 4400 τυποι·
520 4336 611 4400 λείαν
637 4345 692 4400 καί
718 4333 873 4420 μαλακήν
899 4329 995 4422 adrui
1015 4342 1171 4419 περιχέας
1191 4333 1252 4420 τήν
1274 4329 1387 4400 ου’σίαν
1408 4342 1463 4398 καῖ
1485 4337 1600 4400 πάσαν
1620 4337 1773 4400 εἴκουσαν
1793 4331 1938 4410 aduersis
1960 4332 1979 4395 i.
2001 4351 2026 4394 e.

144 4459 265 4518 „mens
288 4461 349 4522 quo
370 4445 509 4523 tempore
531 4459 657 4506 omnem
673 4442 881 4506 substantiam
905 4441 936 4503 in
959 4439 1123 4504 humidum
1139 4441 1274 4504 universi
1297 4459 1404 4504 semen
1427 4441 1526 4516 vertit,
1548 4442 1616 4522 ipsa
1637 4440 1696 4504 hoc
1717 4459 1822 4504 semen
1837 4460 2028 4524 percurrens,

145 4554 182 4613 ut
196 4550 322 4633 spiritus
345 4551 398 4631 qui
420 4551 452 4614 in
474 4551 667 4632 singulorum
682 4551 890 4615 animantium
913 4551 1083 4616 seminibus
1106 4551 1170 4630 agit
1185 4549 1269 4630 (tum
1284 4549 1414 4612 aliorum
1429 4549 1610 4614 animalium
1627 4551 1846 4614 constructioni
1862 4551 2027 4628 simillima,

145 4662 219 4742 quie
247 4660 312 4724 iure
343 4679 427 4724 nunc
448 4661 562 4725 dicitur
590 4679 680 4724 mens
713 4661 741 4740 (i.
773 4679 799 4724 e.
829 4659 982 4744 mundus)
1012 4661 1182 4742 composita
1210 4677 1277 4722 esse
1307 4679 1342 4722 ex
1374 4677 1498 4742 corpore
1528 4665 1560 4724 et
1588 4661 1712 4744 anima),
1742 4661 1806 4724 iam
1835 4665 1937 4726 cetera
1963 4661 2028 4725 sins

144 4771 328 4834 difficultate
350 4770 464 4835 format
478 4771 538 4834 levi
552 4770 699 4851 mollique
722 4770 896 4834 substantia
919 4771 1030 4834 vestita
1056 4772 1189 4864 atquae
1218 4769 1354 4850 undique
1384 4767 1473 4833 facile
1495 4769 1615 4836 cedat.“
1659 4769 1835 4835 Novissima
1865 4772 1959 4835 rerba
1990 4771 2028 4834 de

144 4899 228 4962 aque
242 4880 325 4944 dicte
345 4899 414 4944 esse
429 4881 524 4962 patet,
541 4897 620 4961 quae
643 4879 681 4943 ed
697 4879 867 4943 creandum
884 4879 1045 4963 aptissima
1060 4878 1230 4944 videbatur.
1264 4879 1314 4942 llli
1329 4879 1424 4960 igitur
1439 4879 1469 4942 in
1485 4879 1696 4963 palingenesia
1711 4881 1910 4960 gravissimae
1925 4885 2028 4963 partes

144 4990 279 5054 tributae
302 4993 385 5060 sunt.
422 4989 540 5054 Aether
564 4994 595 5052 et
617 5008 670 5053 aer
691 4989 808 5069 ἅπλῶς
831 4993 1002 5054 mutantur.
1040 4989 1087 5054 Ex
1109 5008 1191 5070 aqua
1212 4989 1350 5053 nascitur
1364 4989 1500 5052 mundus
1515 4990 1547 5053 in
1563 5008 1624 5071 quo
1639 4991 1779 5054 visimus.
1812 4991 1861 5054 Ita
1875 4991 2029 5072 Diogenes

144 5121 169 5164 o.
193 5099 213 5164 l.
257 5100 363 5164 Iovem
386 5099 460 5164 dicit
482 5101 690 5163 substantiam
711 5099 743 5161 in
767 5117 881 5180 aquam
903 5101 1031 5175 vertere,
1054 5101 1090 5162 ut
1111 5099 1244 5164 materia
1269 5101 1377 5162 utatur
1399 5099 1438 5163 ed
1467 5099 1635 5162 creandum
1657 5103 1744 5184 apta:
1780 5099 1911 5188 τδεργδν
1938 5099 2028 5191 edroi

141 5209 291 5300 (αότρῑδ)
316 5211 474 5278 ποιοῦντα
497 5211 555 5297 τὴν
577 5207 666 5298 ilipa.

299 5501 318 5562 ¹)
337 5497 368 5552 ci.
387 5497 519 5552 Plutarch.
538 5496 569 5549 de
586 5495 664 5550 Stoic
682 5511 733 5568 rep.
753 5513 774 5550 c
793 5497 833 5548 41.
