5060 6604
1370 907 1407 967 18

648 1108 865 1200 διηγήσασθαι
888 1120 961 1199 περὶ
984 1110 1041 1179 τοῦ
1063 1123 1214 1199 σφετέρου
1236 1107 1379 1199 πατρός,·
1412 1114 1455 1200 τῷ
1485 1117 1584 1176 ιταντῐ
1614 1109 1677 1198 γάρ
1698 1113 1824 1192 μάλλον
1847 1121 1973 1198 πρέπον
1995 1108 2067 1176 τόδε
2091 1109 2126 1176 τό
2150 1102 2236 1201 ᾆσμα
2252 1128 2325 1186 ταῖς

647 1230 745 1300 θεαῖς
766 1219 787 1308 ἢ
809 1221 881 1299 τούς
903 1222 959 1287 ἐπὶ
975 1217 1077 1288 ’Ίλιον
1098 1211 1263 1299 ἐλθόντας
1286 1219 1453 1310 άριθμεῖν,
1478 1215 1597 1298 αδτοός
1618 1247 1653 1287 τε
1676 1231 1730 1286 καὶ
1752 1217 1794 1286 τά
1816 1224 1962 1304 σέλματα
1992 1226 2056 1288 τῶν
2087 1215 2168 1288 νεῶν
2198 1219 2321 1307 ἐφεξῆς,

647 1324 694 1399 οἷν
727 1338 757 1399 ολ
785 1333 900 1398 πολλοὶ
933 1326 1064 1416 άνόητοι
1095 1323 1188 1416 ἦσαν·
1214 1341 1269 1396 καὶ
1301 1329 1435 1416 ποιητής
1464 1327 1640 1416 σοφώτερός
1665 1357 1700 1396 τε
1726 1341 1781 1397 καὶ
1809 1328 1953 1414 άμείνων
1983 1329 1999 1396 δ
2031 1331 2237 1418 παρακαλῶν
2266 1331 2322 1397 ἐπὶ

646 1447 741 1510 τοῦτο
764 1442 799 1508 τό
822 1443 915 1529 ἔργον
936 1433 1001 1508 ὧδέ
1021 1468 1097 1519 πως.
1593 1436 1596 1440 ’
1816 1459 1817 1462 ’

443 1551 584 1632 sequitur
616 1551 739 1614 initium
773 1551 998 1615 Hesiodeorum
1031 1569 1159 1633 operum
1191 1552 1222 1612 et
1254 1549 1384 1612 dierum.
1433 1547 1589 1613 Concedos
1621 1550 1680 1613 hoc
1711 1550 1812 1614 dicere
1844 1550 1986 1628 Dionem,
2018 1551 2223 1633 incipiendam
2257 1569 2324 1614 esse

444 1661 615 1724 orationem
637 1679 710 1724 cum
730 1660 864 1724 Hesiodo
885 1661 904 1725 i.
929 1680 955 1724 e.
978 1660 1162 1744 repetendos
1185 1677 1251 1722 esse
1273 1658 1410 1741 primum
1423 1657 1508 1722 illius
1530 1659 1637 1741 poetae
1653 1677 1761 1722 versus
1776 1659 1814 1723 ad
1831 1660 2049 1724 celebrandum
2064 1660 2169 1724 lovem
2185 1661 2324 1743 scriptos.

447 1770 534 1834 Haec
558 1771 713 1834 sententio
734 1771 807 1834 licat
827 1789 884 1852 per
905 1789 937 1835 ae
960 1770 1076 1853 optima
1098 1771 1139 1834 sib
1159 1769 1309 1850 valdeque
1332 1772 1405 1851 apta
1426 1768 1454 1831 ei
1476 1769 1613 1844 orationi,
1635 1769 1666 1831 iu
1690 1787 1752 1850 qua
1766 1769 1846 1832 Iovis
1868 1770 1975 1834 laudes
1997 1767 2196 1854 explicantur,
2220 1773 2324 1833 tamen

445 1881 475 1943 iu
500 1899 537 1943 aa
558 1883 645 1962 parte
667 1880 812 1945 orationis
834 1881 1028 1963 ineptissima
1049 1882 1104 1956 est,
1131 1880 1163 1942 iu
1191 1897 1253 1960 qua
1287 1878 1427 1942 nondum
1456 1878 1494 1941 de
1527 1879 1687 1943 tractando
1712 1881 1895 1959 argumento
1927 1882 2056 1944 constat.
2107 1880 2208 1944 Nemo
2242 1880 2324 1944 enim

445 1990 615 2054 orationem
636 1990 751 2072 incipit,
774 1990 955 2072 priusquam
978 1991 1015 2054 de
1038 2009 1099 2071 qua
1121 2008 1154 2053 re
1178 1989 1233 2052 sibi
1256 1989 1422 2052 dicendum
1453 1988 1494 2051 sit
1524 1988 1654 2052 sciverit.
1698 1989 1735 2052 Id
1758 1992 1863 2053 autem
1884 1990 1983 2053 nescit
2007 1991 2065 2054 hoc
2093 1993 2229 2073 tempore
2257 1991 2324 2065 Dio,

446 2119 520 2164 nam
542 2103 562 2180 ξ
585 2103 625 2162 25
647 2102 761 2165 iterum
784 2120 820 2164 er
841 2101 1046 2178 Elidensibus,
1069 2119 1164 2184 penes
1187 2119 1264 2180 quos
1286 2100 1323 2164 de
1338 2100 1397 2162 hac
1417 2117 1450 2162 re
1465 2098 1649 2162 decernendi
1666 2098 1978 2182 arbitrium-positum
2002 2101 2049 2176 sit,
2066 2099 2196 2181 quaerit,
2217 2102 2324 2163 utrum

444 2210 526 2274 Iovis
548 2211 655 2274 laudes
680 2211 786 2274 audire
809 2231 848 2274 an
871 2214 1059 2294 spectatores
1082 2210 1297 2275 tantummodo
1318 2211 1415 2274 velint
1436 2227 1503 2272 esse
1525 2209 1601 2272 artis
1623 2209 1788 2273 Phidiacae
1810 2209 1955 2273 ludorum
1977 2210 2142 2293 participes
2164 2209 2197 2292 (ξ
2221 2209 2293 2294 25):

651 2320 871 2401 ὑπολαβόντες
894 2316 952 2390 οὖν
974 2327 1103 2399 εἴπατε,
1127 2321 1265 2410 πότερον
1286 2312 1436 2409 ἁρμόζων
1463 2317 1481 2386 ό
1504 2319 1598 2402 λόγος
1629 2311 1720 2399 οὗτος
1754 2317 1784 2408 [ἢ
1805 2321 1842 2387 τό
1864 2314 1989 2405 οἷσμα“)λ
2014 2323 2053 2419 τῆ
2074 2321 2197 2410 συνόδῳ
2209 2327 2324 2402 γένοιτ’

650 2429 701 2509 άν,
717 2427 743 2498 ά
758 2433 872 2510 παῖδες
886 2430 1018 2500 Ἠλείων
1033 2429 1139 2515 (ripaeis
1161 2433 1226 2520 γάρ
1241 2426 1393 2520 άρχοντες
1417 2442 1472 2496 καὶ
1495 2421 1648 2517 ἡγεμόνες
1671 2430 1765 2516 τῆσδε
1786 2431 1842 2516 τῆς
1865 2429 2076 2518 πανηγύρεως
2098 2433 2210 2517 ε”φοροί
2221 2457 2255 2496 τε
2270 2441 2325 2497 καὶ

650 2544 822 2610 ἐπίσκοποι
845 2546 912 2608 τῶν
933 2533 1058 2609 ἐνθάδε
1090 2543 1193 2626 ἔργων
1225 2551 1282 2607 καὶ
1309 2540 1424 2622 λόγων)
1455 2538 1476 2627 ἢ
1498 2543 1548 2606 δεῖ
1568 2537 1697 2618 θεατάς
1719 2543 1805 2607 εἶναι
1826 2541 1925 2622 μόνον
1946 2539 2019 2620 τούς
2043 2538 2169 2608 ἐνθάδε
2190 2536 2326 2624 ἥκοντας

651 2653 716 2720 των
738 2679 773 2718 τε
787 2651 904 2743 Ἰἄλλων
928 2652 1027 2740 δῆλον
1046 2648 1097 2719 ότι
1120 2649 1298 2733 παγκάλων
1320 2663 1374 2717 καῖ
1396 2642 1517 2737 σφόδρα
1541 2641 1683 2728 ἐνδόξων
1704 2649 1887 2734 θεαμάτων
1909 2654 1972 2716 κτλ.

599 2759 667 2823 Iam
689 2779 761 2824 vero
783 2780 843 2824 uon
866 2761 1093 2843 expectabimus
1116 2761 1228 2843 (neque
1251 2760 1334 2824 enim
1356 2759 1513 2840 dialogum
1536 2759 1657 2841 scripsit
1672 2759 1746 2840 Dio)
1760 2759 1842 2840 ipsos
1859 2759 2019 2824 lllidenses
2034 2779 2234 2842 responsuros
2249 2777 2325 2824 osse.

449 2870 512 2934 Sed
534 2871 622 2952 quasi
644 2871 850 2934 adnuentibus
871 2870 932 2934 illis
954 2871 1018 2952 ipse
1041 2873 1143 2936 orator
1166 2871 1380 2951 quaestionem
1403 2869 1494 2932 solvit
1516 2887 1588 2931 cum
1610 2868 1691 2930 dicat
1712 2868 1749 2952 (ξ
1772 2867 1822 2942 26,
1848 2868 1884 2928 11
1909 2868 2033 2951 Εωμ.)ε

652 2977 672 3068 ἢ
693 2991 747 3047 καὶ
770 2994 841 3069 περὶ
865 2981 975 3048 αὐτῶν
997 2979 1117 3048 τούτων
1138 2993 1294 3048 σκεπτέον
1312 2978 1391 3064 ἡμῖν
1405 2979 1651 3064 ἐπιμελέστερον
1666 2979 1732 3045 τοῖν
1752 3006 1785 3044 τε
1811 2977 1999 3062 ποιημάτων
2020 2991 2074 3046 καὶ
2096 2977 2328 3064 άναθημάτων

652 3103 706 3157 καὶ
730 3089 872 3176 άτεχνυῖς
894 3097 927 3158 εἴ
944 3119 974 3156 τι
996 3089 1250 3179 τοιουτότροπόν
1272 3091 1338 3155 ἔστι
1360 3091 1417 3175 τὴν
1440 3087 1655 3177 άνθρωπίνην
1678 3088 1832 3174 περὶτοῦ
1862 3090 2031 3170 δαιμονίου
2053 3087 2153 3168 δόξαν
2176 3087 2326 3174 άμηγέπη

654 3199 801 3267 πλάττον
822 3212 877 3266 καὶ
900 3197 1103 3277 άνατυποῦν,
1127 3196 1183 3266 ἅτε
1207 3201 1243 3266 ἔν
1265 3193 1426 3288 φιλοσόφῳ
1450 3200 1604 3294 διατριβῇ
1624 3199 1666 3264 τά
1691 3203 1749 3266 νῦν

451 3307 502 3370 ubi
516 3307 537 3394 ἢ
553 3309 661 3372 eodem
683 3309 774 3372 modo
796 3328 980 3390 responsum
1006 3308 1131 3383 inducit,
1154 3311 1189 3370 ut
1211 3327 1236 3370 a.
1260 3327 1287 3387 g.
1310 3326 1351 3370 or.
1376 3308 1426 3382 32,
1451 3306 1490 3367 76
1513 3305 1543 3394 (ἢ
1565 3308 1688 3394 δῆλον).
1711 3307 1810 3387 Igitur
1833 3308 1889 3370 sibi
1911 3308 1976 3390 ipse
1999 3308 2165 3390 respondet
2186 3307 2243 3371 Dio
2265 3327 2328 3370 uon

452 3437 519 3482 esse
541 3418 758 3482 tantummodo
781 3419 877 3483 oculis
900 3417 1084 3502 spectandas
1106 3421 1227 3481 statuas
1250 3416 1411 3500 Olympiae
1433 3417 1482 3498 pie
1505 3419 1631 3494 erectas,
1656 3416 1709 3480 sed
1733 3417 1770 3480 de
1792 3417 1840 3480 his
1862 3419 1953 3481 rebus
1977 3419 2009 3498 (i.
2032 3437 2057 3482 e.
2080 3419 2117 3482 de
2141 3397 2329 3482 admirandis

450 3528 526 3592 artis
537 3529 761 3614 monumentis)
781 3530 802 3605 ¹)
817 3529 1032 3593 disserendum
1047 3533 1079 3592 et
1090 3528 1311 3609 quaerendum,
1334 3547 1410 3591 num
1435 3547 1471 3591 ex
1492 3527 1539 3590 his
1562 3527 1600 3591 de
1616 3528 1745 3591 deorum
1766 3529 1879 3590 natura
1902 3527 2017 3608 aliquid
2033 3528 2149 3594 discere
2163 3529 2326 3611 possimus¹

451 3642 552 3720 Atque
582 3642 651 3721 post
680 3641 818 3703 extrema
845 3640 939 3703 verba
967 3640 1059 3703 huius
1089 3639 1227 3722 responsi
1258 3638 1374 3720 aliquid
1402 3638 1547 3702 excidisse
1576 3637 1699 3702 Geelius
1729 3639 1902 3720 suspicatus
1925 3641 1980 3702 est.
2025 3639 2153 3714 Excidit,
2186 3640 2239 3704 sed
2268 3659 2330 3703 uon

450 3751 548 3831 periit.
592 3748 828 3813 Animadvertas
861 3750 951 3826 enim,
986 3769 1080 3830 quam
1110 3750 1191 3812 varie
1213 3749 1289 3812 haec
1311 3749 1407 3812 oratio
1435 3748 1631 3830 transpositis
1653 3749 1690 3810 ut
1711 3747 1832 3811 ridetur
1855 3749 2011 3830 archetypi
2034 3749 2113 3814 foliis
2134 3750 2259 3813 turbata
2281 3750 2329 3813 sit.

450 3858 546 3923 Velut
574 3856 655 3927 ἄλλο
671 3896 695 3905 -
712 3859 863 3946 αόίδιμον
893 3879 911 3923 a
937 3879 992 3923 suo
1017 3859 1082 3923 loco
1114 3861 1148 3938 (ἓ
1171 3859 1225 3934 26)
1248 3859 1402 3922 aberravit
1424 3859 1463 3921 ad
1486 3859 1569 3938 §la
1603 3857 1727 3939 Optime
1750 3857 1813 3922 sedi
1836 3859 1989 3938 genuinae
2001 3859 2137 3923 restituit
2157 3859 2330 3942 Emporias.

449 3969 531 4032 item
553 3969 617 4058 ὁρῶ
638 3976 728 4054 μὲν-
738 3970 850 4052 λόγους
872 3969 904 4032 in
920 3971 940 4049 ξ
955 3969 995 4030 43
1013 3969 1135 4032 abunde
1150 3969 1281 4050 irrepsit,
1298 3969 1335 4032 de
1352 3987 1483 4049 quorum
1497 3969 1660 4033 verborum
1675 3988 1737 4032 uon
1752 3969 1828 4033 item
1843 3970 1919 4033 mihi
1933 3968 2105 4052 profligarit
2126 3970 2331 4034 dubitationes

451 4079 624 4161 Emporias
640 4080 693 4160 qui
708 4098 744 4142 ea
759 4083 830 4142 ante
846 4083 866 4158 ξ
882 4080 921 4140 27
945 4081 1055 4162 posuit.
1095 4078 1155 4142 Sed
1172 4080 1229 4142 hoc
1243 4079 1356 4142 lucrari
1371 4080 1447 4142 mihi
1462 4079 1565 4143 videor
1581 4098 1617 4142 as
1631 4079 1774 4143 omuibus
1789 4078 1837 4142 his
1853 4083 2012 4143 contextus
2032 4080 2330 4162 perturbationibus:

452 4208 513 4252 non
547 4189 669 4252 videbor
702 4189 793 4252 nimis
827 4189 936 4267 audax,
972 4189 996 4252 si
1019 4191 1060 4268 ἓξ
1083 4190 1123 4252 23
1147 4189 1229 4272 (inde
1253 4209 1271 4252 a
1292 4190 1394 4255 verbis
1419 4187 1507 4258 αδιά
1530 4189 1606 4271 που)
1630 4192 1662 4252 et
1685 4189 1725 4250 24
1758 4191 2003 4274 transponendus
2036 4209 2102 4254 esse
2136 4194 2207 4273 post
2238 4191 2333 4254 verba

451 4303 603 4400 διατριβῇ
624 4300 665 4366 τά
689 4306 748 4368 νῦν
770 4299 987 4363 contenderim.
1031 4299 1145 4362 Videas
1169 4300 1251 4363 enim
1274 4319 1368 4381 quam
1393 4300 1467 4363 bone
1490 4299 1565 4362 haec
1587 4299 1772 4362 coalescant:

604 4406 625 4494 ἢ
646 4422 701 4476 καὶ
724 4421 814 4495 περὶ
837 4407 974 4478 αδτοῖν
996 4403 1147 4478 τοότων
1169 4423 1322 4478 σκεπτέον
1343 4409 1422 4497 ἡμῖν
1444 4411 1689 4500 ἐπιμελέστερον
1716 4411 1781 4477 των
1804 4437 1837 4476 τε
1860 4410 2083 4497 ποιημάτωνῗ)
2118 4423 2172 4476 καὶ
2203 4409 2331 4496 άναδη-

451 4519 563 4604 μάτων
577 4531 631 4586 καὶ
647 4519 786 4606 άτεχνῶς
801 4525 835 4586 εἴ
844 4549 875 4586 τι
892 4521 1137 4606 τοιουτότροπόν
1151 4521 1219 4588 ἔστι
1238 4521 1297 4607 τήν
1319 4519 1536 4610 α’νθρωπίνην
1550 4533 1623 4606 περὶ
1639 4521 1695 4587 τοῦ
1709 4521 1880 4604 δαιμονίου
1895 4513 1999 4598 δόξαν
2015 4520 2167 4610 ἀμηγέπη
2184 4518 2333 4588 πλάττον

452 4642 507 4696 καὶ
530 4626 733 4704 άνατυποῦν,
756 4628 815 4697 dire
837 4633 872 4698 ἐν
894 4631 1057 4720 φιλοσόφῳ
1082 4631 1234 4728 διατριβῇ
1257 4628 1298 4696 τά
1323 4636 1382 4699 νῦν
1408 4629 1514 4699 ariaci
1535 4658 1612 4698 που
1635 4631 1710 4698 ταῦ
1717 4659 1766 4697 τα
1782 4635 1934 4712 λέγοντες.
1951 4624 2003 4716 ἆρ’
2023 4624 2079 4700 οὖν
2094 4637 2175 4698 καθ’
2187 4627 2335 4698 Ἡσίοδον

454 4739 562 4826 ἄνδρα
586 4738 724 4824 άγαθδν
745 4753 800 4808 καὶ
815 4732 964 4820 Maisan
986 4745 1078 4826 (γίλον
1100 4739 1244 4830 άρκτίον,
1267 4739 1308 4819 dc
1331 4743 1450 4818 ἐκεῖνος
1471 4746 1538 4809 κτλ.
1566 4740 1668 4803 Verba
1690 4739 1778 4808 αὐτά
1801 4767 1866 4807 που
1888 4747 2005 4818 ταῦτα,
2031 4759 2110 4822 quae
2132 4739 2155 4825 ξ
2175 4742 2215 4804 23
2238 4758 2333 4804 sensu

453 4850 608 4925 carebant
630 4869 714 4914 nuuc
736 4853 877 4932 apertum
901 4853 956 4926 est,
981 4851 1054 4932 quid
1077 4849 1256 4931 significent.
1297 4849 1386 4915 Idem
1409 4850 1561 4927 videlicet,
1585 4850 1666 4931 quod
1688 4851 1781 4914 verba
1801 4861 1874 4940 περὶ
1896 4849 2006 4920 αὐτῶν
2034 4851 2162 4926 τούτων,
2192 4852 2230 4914 ad
2253 4871 2334 4933 quae

454 4960 609 5024 artissime
625 4979 657 5024 se
674 4961 845 5043 adplicant:
861 4962 958 5026 haec
972 4963 1056 5043 ipsa
1068 4961 1142 5024 artis
1156 4963 1359 5025 monumenta
1373 4979 1435 5023 non
1451 4961 1550 5025 solum
1567 4961 1718 5024 intuenda
1733 4961 1788 5024 sed
1804 4961 1898 5024 etiam
1913 4960 2197 5043 disputandum
2213 4981 2278 5025 esse
2294 4963 2333 5026 de

454 5071 507 5146 eis,
531 5070 643 5154 quippe
666 5071 703 5134 de
726 5071 787 5134 his
809 5072 913 5153 ipsis
935 5091 1018 5135 nunc
1039 5071 1334 5154 philosophantibus.
1370 5069 1515 5133 ilesiodei
1538 5073 1642 5133 autem
1665 5071 1702 5134 de
1718 5071 1787 5135 love
1803 5090 1911 5134 versus
1925 5091 2009 5162 nunc
2022 5074 2188 5153 postquam
2210 5071 2247 5134 de
2262 5071 2334 5134 Iove

453 5181 603 5244 disserere
626 5181 778 5259 convenit,
806 5201 861 5245 suo
883 5183 948 5245 loco
970 5183 1123 5262 leguntur.

709 5303 859 5311 -.ι-

609 5353 630 5414 ¹)
648 5349 711 5402 haec
729 5352 807 5403 verba
824 5349 932 5402 delenda
949 5365 1004 5402 esso
1022 5366 1051 5402 err
1069 5353 1160 5403 nostra
1178 5349 1352 5418 disputatione
1370 5350 1494 5418 sequitur.

607 5435 629 5498 ²)
648 5433 680 5486 de
701 5434 796 5487 statuis
820 5434 1000 5488 tautummodo
1024 5433 1099 5496 dixit,
1120 5451 1199 5503 quare
1220 5451 1282 5487 num
1306 5431 1467 5504 ποιημάτων
1485 5433 1563 5503 (quod
1581 5435 1728 5486 statuarum
1747 5433 1838 5487 titulos
1856 5435 1897 5486 six
1916 5433 2063 5500 significare
2082 5437 2184 5504 potest)
2203 5433 2337 5502 scripserit

455 5519 513 5582 Dio,
533 5517 606 5570 valde
624 5517 723 5574 dubito.
758 5519 884 5588 Expectas
902 5512 1082 5587 α’γαλμάτων,
1102 5515 1277 5587 πλασμάτων,
1297 5516 1454 5588 θεαμάτων,
1471 5520 1524 5571 tale
1541 5517 1611 5586 quid.
