4882 6614
1362 872 1381 932 8

427 1077 519 1140 inane
542 1093 674 1140 vacuum
697 1075 746 1138 sit.
791 1073 938 1139 conferas
962 1073 1091 1138 Sextum
1113 1075 1352 1156 Empiricum¹Jz
1376 1082 1405 1142 ot
1433 1083 1572 1141 Στωικοί
1589 1096 1667 1158 φασι
1697 1074 1816 1142 κενόν
1836 1083 1897 1160 μὲν
1924 1079 2010 1143 εἶναι
2037 1079 2075 1142 τό
2106 1077 2217 1143 οἷόντε
2250 1073 2318 1144 :ind

429 1187 520 1266 όντος
541 1195 741 1270 κατέχεσθαι
762 1187 806 1272 μη
829 1185 1046 1271 κατεχόμενον
1067 1187 1125 1252 δέ.
1143 1235 1167 1262 .,
1190 1186 1320 1252 τόπον
1343 1187 1379 1252 δὲ
1401 1178 1564 1272 διάστημα
1581 1182 1647 1252 ῦπό
1662 1182 1754 1262 ὄντος
1771 1178 1988 1270 κατεχόμενον
2009 1197 2064 1252 καῖ
2080 1187 2318 1270 έξισαζόμενον

427 1303 472 1389 τῷ
499 1310 668 1382 κατέχοντι
698 1287 809 1372 αὐτόν,
834 1344 841 1358 .
867 1345 873 1356 .
897 1287 1028 1384 χιόραν
1053 1297 1089 1362 δὲ
1117 1293 1280 1384 διάστημα
1309 1296 1394 1362 κατά
1426 1307 1485 1378 μέν
1514 1323 1546 1359 τι
1576 1294 1792 1378 κατεχόμενον
1819 1293 1886 1363 ῦπό
1915 1288 2073 1380 σώματος,
2096 1300 2183 1366 κατά
2217 1300 2258 1365 δέ
2286 1326 2316 1364 τι

427 1408 726 1490 α’καθεκτοόμενον.
769 1406 839 1468 Iam
860 1424 931 1469 vero
952 1407 1110 1486 negabant
1132 1406 1225 1470 Stoici
1247 1406 1279 1468 in
1301 1406 1417 1469 mundo
1440 1407 1541 1470 creato
1562 1406 1663 1468 inesse
1684 1406 1785 1480 inane,
1811 1405 1969 1470 infinitum
2002 1426 2072 1471 vero
2095 1409 2214 1472 circum
2235 1410 2314 1472 fines

426 1519 536 1582 mundi
550 1519 658 1594 iacere,
681 1518 725 1579 ita
740 1521 776 1578 ut
791 1517 926 1578 alterum
949 1517 987 1578 ab
1010 1516 1105 1579 altero
1126 1516 1295 1580 discretum
1311 1517 1361 1582 sit.
1394 1515 1623 1578 Tantummodo
1637 1516 1669 1578 in
1686 1515 1924 1596 conflagratione
1940 1519 2028 1580 extra
2043 1519 2153 1582 mundi
2167 1519 2246 1582 fines
2263 1539 2314 1582 ex-

427 1630 554 1713 spatiari
576 1629 690 1710 ignem.
725 1628 772 1690 De
795 1645 857 1708 qua
878 1646 911 1689 re
935 1627 1039 1690 videas
1062 1626 1318 1709 Pseudophilonis
1341 1626 1378 1690 de
1400 1627 1582 1690 aeternitate
1599 1627 1789 1694 libellum²tz
1810 1625 2041 1710 όμοιδοκοῦσι
2057 1640 2112 1693 καῖ
2127 1635 2158 1694 οἱ
2173 1636 2312 1696 Στωικοὶ

331 1767 334 1774 ’
427 1739 634 1831 προιδόμενοι
657 1741 756 1820 κενόνΙ
772 1733 908 1825 άπειρον
929 1738 1017 1814 ἐκτός
1044 1743 1101 1804 τοῦ
1129 1737 1248 1822 κόσμου
1275 1742 1320 1827 τῷ
1346 1738 1428 1826 λόγῳ
1455 1741 1661 1812 καταλιπεῖν,
1683 1741 1724 1804 ἵν’
1747 1739 1858 1824 ἐπειδη
1890 1738 1986 1821 χύσιν
2015 1733 2207 1828 α’πέραντόν
2239 1767 2312 1806 τινα

426 1853 543 1936 ἔμελλε
565 1851 736 1936 λήψεσθαι
759 1848 802 1934 μη
826 1845 934 1944 α’πορῇ
960 1853 1018 1915 τοῦ
1039 1848 1211 1930 δεξομένου
1239 1860 1356 1932 χωρίου
1386 1844 1444 1931 την
1470 1845 1639 1932 α’νάχυσιν.
1684 1845 1791 1910 Diouis
1822 1847 1917 1926 igitur
1945 1866 2045 1928 equus
2075 1849 2110 1925 si,
2142 1851 2313 1930 postquam

428 1962 565 2042 reliquos
587 1960 787 2042 consumpsit,
810 1959 981 2020 marimum
1004 1957 1135 2020 locum
1166 1957 1302 2038 (τόπον)
1327 1961 1456 2038 occupat
1483 1956 1607 2018 maioris
1631 1957 1748 2037 spatii
1772 1957 1912 2043 (χώρας)
1941 1958 2082 2041 cupidus
2105 1963 2211 2041 aperte
2234 1959 2312 2021 mihi

427 2074 549 2137 videtur
572 2071 610 2134 ad
631 2071 712 2133 hanc
734 2069 889 2134 doctrinae
912 2071 1033 2150 partem
1056 2067 1186 2148 scriptor
1207 2067 1367 2149 respicere.

578 2181 683 2244 Etiam
704 2179 735 2241 in
759 2179 960 2260 sequentibus
982 2179 1020 2242 de
1042 2176 1282 2256 conflagratione
1305 2175 1473 2257 disputarit
1489 2174 1547 2239 Dio
1569 2175 1623 2239 sed
1645 2195 1707 2239 non
1730 2178 1773 2240 eis
1795 2177 1904 2254 verbio,
1928 2197 2007 2258 quae
2031 2181 2112 2262 apud
2128 2181 2311 2262 Emporium

426 2295 572 2375 leguntur
594 2291 626 2374 (ξ
644 2289 714 2373 54);

631 2393 724 2458 Κανά
753 2399 847 2460 τοῦτο
879 2393 915 2457 δὲ
943 2383 1109 2473 γενόμενοι
1139 2395 1195 2456 τοῦ
1217 2381 1313 2472 λόγου
1336 2391 1561 2456 δυσωποῦνται
1578 2392 1639 2471 την
1662 2389 1767 2474 αῦτὴν
1782 2385 1997 2480 ἐπονομάζειν
2018 2397 2075 2459 τοῦ
2098 2387 2180 2482 ζῴου
2201 2383 2310 2477 φῦσιν.

628 2504 793 2588 εἶναιγὰρ
815 2501 919 2570 αὐτόν
933 2499 993 2590 ἤδη
1017 2491 1171 2587 τηνικάδε
1193 2497 1308 2576 άπλοῦς
1330 2500 1389 2581 την
1410 2505 1468 2566 τοῦ
1488 2497 1623 2584 ἡνιόχου
1645 2511 1699 2566 καῖ
1717 2491 1877 2567 δεσπότου
1894 2491 2010 2588 ψυχην,
2025 2507 2151 2585 μᾶλλον
2173 2505 2209 2570 δὲ
2226 2505 2309 2572 τοῦτό

628 2615 664 2680 τό
688 2619 828 2702 φρονοῦν
850 2623 906 2678 καῖ
928 2613 964 2677 τό
989 2609 1169 2698 ἡγούμενον
1192 2607 1300 2698 αῦτῆς.
1331 2607 1432 2686 obrue
1461 2611 1499 2696 δη
1522 2614 1656 2694 λέγομεν
1684 2622 1739 2675 καὶ
1764 2609 1851 2698 ἡμεῖς
1874 2613 2030 2696 τιμῶντες
2056 2625 2112 2678 καὶ
2137 2605 2308 2698 σεβόμενοι

629 2721 684 2790 τόν
705 2736 855 2806 μέγιστον
878 2722 963 2789 θεόν
985 2722 1088 2810 ἔργοις
1110 2748 1145 2786 τε
1167 2720 1310 2802 α’γαδοῖς
1331 2732 1385 2785 καῖ
1408 2720 1550 2805 ῥήμασιν
1571 2718 1737 2806 εὐφήμοις.

579 2834 649 2898 Non
671 2831 804 2896 debebat
825 2831 989 2913 Emperius
1012 2830 1104 2893 verba
1126 2827 1226 2909 οἵτως
1249 2848 1348 2910 usque
1371 2830 1411 2892 ad
1426 2821 1588 2917 εὐφήμοις,
1610 2849 1688 2909 quae
1703 2831 1806 2912 inepte
1821 2831 2004 2913 interpolata
2019 2850 2085 2895 esse
2107 2833 2170 2894 iam
2192 2832 2310 2898 Casan-

426 2947 524 3010 bonus
540 2943 623 3020 vidit,
647 2944 711 3008 sine
734 2943 821 3007 obelo
843 2942 875 3003 in
897 2945 1017 3004 textum
1039 2941 1182 3023 recipere.
1222 2939 1282 3004 Sed
1304 2940 1427 3003 initium
1446 2959 1567 3021 quoque
1590 2940 1774 3004 mendosum
1796 2944 1851 3006 est.
1897 2941 1979 3005 Nam
2002 2943 2074 3022 quid
2098 2943 2227 3007 uoluerit
2250 2945 2309 3008 Dio

426 3057 639 3136 unusquisque
662 3055 761 3117 videt:
786 3053 819 3116 ln
841 3053 900 3116 hae
922 3051 1044 3115 fabulae
1066 3053 1164 3134 parte,
1188 3069 1250 3131 qua
1272 3050 1310 3114 ad
1332 3051 1425 3114 unius
1446 3051 1525 3131 ignis
1547 3069 1680 3131 regnum
1702 3053 1885 3133 perventum
1908 3055 1963 3126 est,
1985 3053 2084 3116 vereri
2107 3055 2214 3134 Magos
2243 3057 2310 3118 ani-

427 3167 517 3231 malis
545 3185 659 3229 nomen
684 3165 741 3229 deo
772 3164 816 3227 illi
846 3164 908 3226 sive
938 3163 1130 3227 substantiae
1158 3163 1323 3244 imponere.
1369 3160 1430 3225 Sed
1459 3161 1539 3224 hanc
1560 3162 1748 3224 sententiam
1769 3181 1860 3224 nemo
1883 3180 1992 3242 graece
2014 3163 2057 3226 ita
2080 3163 2187 3228 reddet
2209 3167 2307 3233 δυσο-

425 3284 565 3346 ποῦνται
589 3279 649 3362 τήν
671 3273 775 3362 αότήν
797 3265 1016 3358 ἐπονομάζειν
1036 3279 1095 3341 τοῦ
1119 3274 1200 3363 ζῴου
1222 3265 1327 3357 φῦσιν.
1372 3270 1547 3350 Vestigium
1569 3273 1631 3334 veri
1654 3272 1787 3335 servarit
1809 3273 2080 3336 hleermannianus
2111 3275 2215 3352 codex,
2245 3295 2307 3339 non

424 3391 511 3457 εἶναι
533 3385 596 3476 γάρ
620 3385 721 3454 αὐτόν
747 3384 845 3468 (quod
866 3383 1010 3466 Emperio
1032 3383 1161 3464 placuit)
1185 3383 1239 3446 sed
1261 3385 1346 3450 εἶναι
1368 3383 1432 3472 γάρ
1454 3381 1579 3464 αότὴν
1601 3401 1740 3464 pergens.
1778 3381 1858 3447 Puto
1882 3384 1964 3446 enim
1986 3384 2214 3448 restituendum
2237 3405 2308 3450 esse

426 3499 650 3566 δυσωποῦνται
672 3487 819 3581 ταότην
840 3494 1059 3578 ἐπονομάζειν
1076 3492 1225 3567 <άπό>
1240 3499 1298 3562 τοῦ
1321 3484 1401 3584 ζηόου
1423 3487 1530 3578 φῦσιν,
1546 3493 1565 3558 i.
1579 3511 1606 3556 e.
1623 3493 1702 3556 hano
1724 3494 1931 3557 substantiam
1953 3493 2097 3557 dubitant
2118 3497 2157 3570 ab
2179 3497 2307 3560 animali

425 3609 596 3671 nominare.
640 3605 734 3669 Nunc
755 3606 839 3668 enim
861 3623 880 3668 a
903 3605 1115 3685 gubernatoris
1140 3605 1244 3667 anima
1265 3623 1327 3667 non
1349 3603 1460 3668 differt.

577 3717 670 3780 Nunc
702 3735 774 3780 vero
807 3717 989 3799 priusquam
1011 3734 1082 3779 cum
1115 3714 1213 3778 Dione
1247 3715 1286 3777 ad
1318 3714 1560 3797 palingenesiam
1592 3715 1700 3776 mundi
1722 3734 1778 3779 nos
1801 3719 1960 3779 vertamus
1982 3715 2174 3778 redeundum
2196 3719 2244 3780 est
2268 3717 2308 3780 ad

426 3829 593 3910 sut-51
625 3827 678 3891 ubi
707 3826 743 3890 de
766 3827 809 3889 eis
832 3827 940 3890 mundi
969 3827 1062 3889 creati
1091 3825 1163 3889 satis
1184 3825 1362 3907 disputatur
1384 3841 1472 3904 quae,
1493 3823 1565 3886 licet
1586 3827 1686 3888 terrae
1709 3824 1832 3889 hinesta
1855 3825 1925 3900 sint,
1949 3825 2130 3888 universum
2150 3845 2212 3889 non
2235 3846 2309 3890 con·

425 3940 553 4004 cutiant.
587 3937 687 4002 Certis
710 3937 793 4000 enim
814 3937 1005 4019 temporibus
1027 3955 1063 3999 er
1085 3954 1136 3999 ore
1159 3935 1249 4018 primi
1273 3935 1343 4015 equi
1365 3933 1472 3997 fervidi
1493 3934 1671 3998 exoriuntur
1693 3936 1827 4018 spiritus.
1861 3935 1937 3999 Inde
1953 3936 2095 3999 insolitus
2110 3936 2193 4000 calor
2207 3939 2307 4018 surgit

424 4053 520 4115 etiam
543 4050 576 4112 in
599 4049 695 4112 altero
718 4047 870 4127 tertioque
893 4065 971 4127 equo
993 4046 1011 4108 i.
1028 4065 1053 4109 e.
1076 4046 1108 4108 in
1132 4064 1201 4109 aere
1216 4049 1249 4108 et
1264 4063 1353 4125 aqua.
1388 4043 1497 4122 Quarti
1512 4049 1619 4108 autem
1635 4051 1667 4107 et
1680 4048 1904 4109 comburuntur
1919 4047 2017 4110 crines
2032 4049 2063 4109 et
2079 4066 2170 4110 omne
2185 4048 2309 4112 deletur

425 4161 652 4226 ornamentum.
697 4158 816 4221 Iterum
847 4157 914 4220 aliis
944 4156 1132 4238 temporibus
1162 4155 1289 4218 modum
1320 4155 1438 4218 excedit
1468 4155 1632 4238 Neptunus
1666 4158 1827 4236 multoque
1858 4157 1968 4220 sudore
2005 4156 2138 4220 inundat
2170 4157 2307 4222 vicinum

426 4291 550 4354 equum,
572 4273 698 4334 terram.
738 4268 829 4330 Patet
850 4267 900 4330 hic
921 4265 1063 4330 incendia
1084 4269 1116 4329 et
1130 4266 1245 4330 diluna
1267 4266 1366 4329 doceri
1382 4266 1519 4346 legitimo
1534 4269 1671 4349 tempore
1686 4267 1856 4344 redeuntia,
1873 4269 1984 4348 quibus
2000 4273 2082 4330 terra
2097 4287 2157 4332 non
2173 4267 2309 4332 diruitur

426 4383 480 4446 sed
504 4382 597 4458 silvis,
619 4379 768 4459 frugibus,
792 4378 1000 4440 animantibus
1028 4377 1163 4440 orbatur.
1208 4380 1310 4457 Atque
1337 4395 1375 4440 ne
1399 4377 1525 4440 Graecis
1547 4377 1672 4458 quidem
1695 4379 1794 4441 omnis
1817 4379 1945 4440 evaniut
1967 4378 2058 4440 huius
2080 4378 2122 4440 rei
2146 4381 2305 4446 memoris.

425 4494 534 4556 Testes
556 4497 630 4554 sunt
651 4489 784 4552 incendii
806 4489 976 4565 Phaethon,
999 4488 1106 4551 diluni
1128 4487 1304 4550 Deucalion.
1350 4487 1409 4550 Sed
1434 4493 1539 4551 errant
1562 4487 1671 4552 Graeci
1693 4507 1761 4552 raro
1783 4488 1860 4552 haec
1882 4489 2017 4552 accidere
2040 4488 2250 4552 existimantes
2275 4498 2309 4552 et

427 4605 534 4668 contra
555 4601 749 4664 voluntatem
771 4599 926 4663 creatoris.
969 4598 1071 4661 Immo
1094 4617 1184 4680 saepe
1208 4599 1353 4662 eveniunt
1374 4599 1545 4681 imperante
1566 4597 1623 4661 deo
1645 4598 1754 4660 mundi
1775 4583 1893 4662 rec'tore
1906 4599 1940 4681 3).

578 4755 601 4815 ¹)
619 4751 651 4804 cf.
669 4751 759 4818 Pyrrh.
779 4749 845 4818 Hyp.
865 4749 912 4814 111,
926 4749 975 4802 124
992 4750 1102 4802 citatum
1119 4765 1135 4801 a
1153 4747 1263 4801 Dielssio
1279 4748 1296 4802 1.
1315 4765 1336 4802 c.
1354 4766 1378 4818 p.
1397 4749 1456 4814 460,
1474 4749 1517 4802 ubi
1536 4749 1570 4802 ef.
1587 4748 1618 4802 de
1636 4748 1780 4819 Chrysippo
1797 4750 1946 4804 referentem
1966 4749 2114 4818 Didymum.

577 4839 599 4900 ²)
618 4835 649 4888 cf.
668 4835 709 4886 Ps.
729 4835 795 4888 Phil.
815 4833 847 4886 dc
864 4839 913 4886 aet.
933 4833 1021 4886 mundi
1039 4851 1064 4903 p.
1085 4832 1163 4892 2585
1180 4833 1220 4887 ed.
1238 4833 1361 4902 Bernays.

577 4925 599 4980 ’λ
618 4917 647 4972 τό
666 4921 721 4990 μὲν
739 4913 790 4971 οῦν
809 4915 873 4969 πολό
892 4921 953 4987 μετ’
971 4915 1080 4986 εἰρήνης
1096 4919 1140 4968 καὶ
1159 4919 1248 4984 φιλίας
1265 4919 1437 4970 διατελοῦσιν
1454 4917 1584 4985 separare
1602 4913 1647 4970 εἶπ’
1660 4914 1791 4984 α’λλιὶλοιν.
1810 4919 1863 4984 ἤδη
1878 4922 1912 4972 δέ
1923 4939 1985 4972 ποτε
2006 4921 2037 4972 έν
2051 4918 2133 4990 μήκει
2145 4915 2250 4990 χρόνον
2262 4923 2306 4972 καὶ

425 5009 536 5066 πολλαῖς
555 5003 692 5075 περιόδοις
710 5001 826 5074 ἰσχυρόν
844 5001 942 5072 άσθμα
960 5008 1005 5054 τοῦ
1023 5001 1130 5071 πρώτον
1150 4999 1300 5071 προσπεσόν
1312 4997 1483 5066 τῖνοιδενμῖα
1494 5001 1531 5068 δη
1550 5005 1724 5072 θυμοειδοῦς,
1738 5005 1874 5074 ἐθέρμηνε
1890 5001 1950 5064 τοῦς
1962 5005 2064 5066 ἄλλους,
2078 4999 2265 5074 σφοδρότερόν
2274 5023 2306 5072 γε

423 5089 481 5164 μην
507 5089 555 5144 τόν
579 5093 741 5153 τελευταῖον,
764 5086 815 5153 την
836 5107 862 5140 τε
889 5083 926 5151 δη
948 5095 1049 5157 χαίτην
1072 5089 1244 5156 περιέφλεξεν
1262 5082 1356 5152 αότοῦ,
1380 5078 1396 5159 ᾗ
1418 5085 1536 5156 μάλιστα
1561 5083 1698 5155 η’γάλλετο,
1717 5091 1761 5139 καὶ
1784 5085 1833 5140 τόν
1851 5083 1961 5140 εἴπαντα
1985 5083 2097 5157 κόσμον.
2121 5087 2250 5140 τοῦτοδὲ
2275 5083 2306 5140 τό

425 5177 515 5236 πάθος
533 5171 604 5237 ἅπαξ
615 5170 747 5236 Ἓλληνας
763 5170 990 5244 μνημονεύοντάς
1007 5189 1072 5241 φασι
1094 5176 1236 5223 Φαέθοντι
1256 5170 1430 5238 προσάπτειν,
1457 5171 1489 5224 ου’
1507 5175 1681 5241 δυναμένους
1696 5178 1859 5242 μέμφεσθαι
1877 5170 1928 5238 την
1946 5169 2007 5232 ,έιός
2030 5167 2176 5241 ἡνιόχησιν
2194 5169 2257 5232 τοῦς
2281 5193 2306 5226 τε

422 5257 513 5314 ιΗλέου
536 5255 657 5332 δρόμους
685 5259 732 5312 οόιι
760 5259 904 5316 ἐθέλοντας
929 5262 1035 5322 ιγέγειν.
1064 5253 1110 5308 διό
1129 5273 1197 5325 φασι
1221 5254 1351 5326 νεεότερον
1369 5255 1493 5326 ἡνίοχον,
1511 5251 1603 5308 Ἠλίου
1627 5259 1716 5308 παῖδα
1744 5253 1856 5321 θνητόν,
1881 5255 2093 5327 ἐπιθυμήσαντα
2115 5259 2237 5327 χαλεπῆς
2261 5261 2307 5310 καὶ

424 5345 587 5416 α’συμφόρου
607 5346 674 5396 πόσι
691 5347 748 5402 τοῖς
767 5345 880 5405 θνητοῖς
899 5345 1018 5402 παιδιᾶς,
1038 5339 1224 5411 αἰτησάμενον
1243 5337 1315 5411 παρά
1334 5347 1381 5394 τοῦ
1400 5339 1498 5409 πατρός
1516 5343 1657 5405 ἐπιστῆναι
1676 5343 1713 5412 αρ’
1731 5347 1832 5414 δίφρῳ,
1856 5341 2011 5413 φερόμενόν
2029 5362 2057 5393 τε
2075 5340 2196 5402 α’τάκτοις
2216 5341 2308 5394 πάντα

424 5433 589 5502 καταφλέξαι
606 5433 662 5501 ζῷα
678 5431 724 5481 καὶ
741 5426 822 5497 φυτά.
840 5429 886 5478 καλ
908 5430 980 5485 τέλος
1001 5423 1086 5479 αότόν
1107 5426 1303 5496 διαφθαρῆναι
1326 5428 1463 5495 πληγέντα
1484 5423 1535 5479 ont
1560 5435 1709 5494 κρείττονος
1727 5427 1816 5500 πυρός,
1845 5427 1928 5482 πτόλιν
1953 5429 1985 5480 δὲ
2008 5426 2074 5480 ὅταν
2097 5423 2146 5480 δαὶ
2171 5423 2308 5481 πλειόνων

424 5518 493 5571 {sair
511 5510 527 5566 ό
546 5520 675 5584 Νυμφῶν
691 5515 738 5565 καλ
756 5516 929 5572 Ποσειδῶνος
947 5509 1017 5582 ἱερός
1035 5514 1122 5572 πόλος
1139 5511 1277 5580 ἐπαναστῇ
1295 5509 1367 5580 παρά
1386 5509 1415 5563 τό
1438 5509 1557 5575 σύνηθες
1575 5506 1733 5581 α’γωνιάσας
1753 5515 1800 5565 καὶ
1819 5515 1968 5584 ταραχθεὶς
1985 5514 2084 5578 Ῑδροῐτι
2108 5514 2198 5584 πολλῷ
2224 5533 2308 5566 κατα-
