4882 6614
249 1571 376 1666 Sed
413 1574 744 1693 relinquamus
776 1608 892 1664 nunc
924 1574 1158 1692 penetralia
1186 1577 1296 1666 haec
1314 1573 1586 1666 Aristoteliae
1616 1574 1850 1692 doctrinae,
1882 1611 1923 1667 m
1953 1609 2071 1696 quae

70 1761 280 1818 mecurn
324 1725 662 1818 descendisse
692 1725 842 1844 paucis
873 1747 1050 1846 gratum
1083 1727 1305 1819 videbitur.
1368 1727 1447 1818 Ad
1480 1727 1654 1819 laetiora
1687 1762 1909 1821 vocamur.

256 1879 682 1998 Appropinquat
707 1879 796 1970 dies
821 1879 1113 1994 faustissimus,
1141 1914 1232 1999 quo
1250 1849 1600 1999 augustissimus
1624 1915 1675 1972 ac
1701 1880 2068 1974 Clementissimus

75 2033 341 2152 PrincepS,
388 2032 754 2124 Germanorum
783 2031 1021 2149 Imperator
1042 2032 1139 2124 Rex
1162 2033 1387 2125 Borussiae
1419 2033 1828 2126 GVILELMVS
1860 2035 1896 2126 ll
1927 2036 2070 2126 lucem

82 2186 336 2306 adspexit.
428 2185 585 2276 Hunc
616 2182 730 2274 diem
763 2183 1135 2302 exoptatissimum
1161 2220 1262 2277 cum
1284 2185 1487 2277 universa
1512 2187 1651 2304 patria
1672 2187 1900 2278 academia
1921 2209 2071 2278 nostra

86 2340 213 2430 votis
238 2336 579 2458 pientissimis
604 2336 813 2427 salutabit.
862 2337 1097 2429 Indicenda
1118 2337 1245 2458 igitur
1266 2360 1367 2430 sunt
1388 2338 1620 2452 sollemnia,
1645 2372 1761 2458 quae
1786 2340 1844 2430 ab
1867 2339 2068 2431 universi·

89 2517 186 2586 tate
230 2492 550 2586 Christiana
581 2490 808 2581 Albertina
839 2489 880 2580 in
911 2524 1080 2610 magna
1110 2492 1211 2582 aula
1243 2492 1311 2583 die
1342 2492 1536 2582 XXVII
1567 2491 1724 2583 mensis
1756 2491 1935 2584 Ianuarii
1963 2494 2072 2583 hora

90 2647 106 2736 l
131 2669 250 2766 post
282 2644 565 2736 meridiem
587 2643 929 2756 celebrabuntur,
961 2643 1003 2734 in
1027 2643 1185 2763 quibus
1210 2677 1492 2736 communem
1520 2644 1720 2735 laetitiam
1743 2643 1879 2735 oratio
1903 2645 1962 2736 ab
1987 2645 2068 2735 elo·

90 2801 346 2920 quentiae
370 2797 640 2918 professore
662 2795 878 2888 Friderico
902 2796 1065 2888 Blassio
1090 2796 1229 2914 patrio
1257 2829 1457 2888 sermone
1484 2796 1691 2888 habenda
1713 2795 2067 2915 interpretabitur.

279 2953 393 3044 His
428 2948 712 3041 sollemnibus
744 2968 792 3039 ut
822 2969 1028 3068 prompto
1059 2949 1308 3068 lubentique
1339 2948 1484 3041 auimo
1505 2950 1707 3041 interesse
1726 2950 1865 3062 velint,
1898 2983 1951 3040 eo
1973 2983 2065 3068 quo

93 3141 189 3226 par
249 3127 335 3196 est
398 3100 627 3220 obsequio
674 3121 807 3220 atque
854 3101 1132 3193 observantia
1178 3101 1570 3192 HENRICVM
1618 3101 1856 3221 Principem
1904 3103 2064 3193 domus

95 3259 388 3352 Borussiae
428 3253 826 3374 generosissimum,
859 3253 1114 3346 academiae
1154 3275 1329 3346 nostrae
1376 3253 1731 3368 laventissimum‚
1782 3253 2061 3375 magistratus

95 3408 480 3532 Imperatorios
512 3405 674 3525 Regios
712 3405 963 3523 perillustres
1002 3429 1044 3496 et
1076 3405 1216 3496 civiles
1249 3429 1290 3499 et
1321 3407 1530 3520 militares
1567 3407 1846 3527 magistratus
1891 3408 2062 3499 urbicos

95 3598 319 3658 summe
340 3558 584 3672 colendos,
614 3592 838 3650 sacrorum
855 3557 1060 3650 antistites
1092 3592 1301 3650 maxume
1325 3560 1601 3672 reverendos,
1632 3559 1849 3680 gymnasii
1873 3561 2061 3652 scholae·

97 3753 206 3841 que
247 3712 411 3809 realis
449 3710 673 3829 superioris
704 3731 1009 3830 praeceptores
1041 3711 1395 3804 honoratissimos
1427 3747 1506 3804 nec
1539 3746 1629 3804 non
1661 3712 1774 3804 viros
1810 3711 2062 3831 spectatissi-

99 3907 220 3965 mos
264 3863 687 3982 ornatissimosque
719 3863 793 3983 qui
824 3863 968 3983 aliquo
1004 3863 1127 3955 olficii
1168 3867 1235 3957 vel
1270 3865 1512 3957 studiorum
1549 3865 1720 3956 vinculo
1758 3899 1859 3956 cum
1898 3866 2062 3956 univer·

96 4031 258 4121 sitate
321 4037 497 4111 nostra
543 4016 753 4108 coniuncti
788 4037 900 4130 sunt,
932 4017 1134 4136 'denique
1175 4018 1292 4111 urbis
1328 4017 1488 4110 incolas
1527 4039 1568 4109 et
1609 4018 1859 4138 quicunque
1895 4017 2060 4137 patn'ae

96 4203 328 4276 nostrae
373 4172 533 4262 lavent
563 4171 839 4290 cupiuntque,
880 4192 1060 4291 rogatos
1092 4170 1291 4263 invitatos
1328 4205 1420 4264 esse
1456 4163 1608 4263 volunt
1646 4172 1808 4262 Rector
1838 4191 1880 4262 et
1911 4168 2062 4262 Consi-

96 4335 332 4430 storium
377 4323 689 4416 academicum
720 4322 1002 4414 universitatis
1034 4322 1239 4415 Kiliensis

395 4546 589 4628 natamus
617 4546 728 4627 xillae
757 4545 993 4628 llolsatorum
1021 4546 1079 4627 llo
1106 4547 1175 4627 llll.
1204 4547 1346 4629 mensis
1375 4547 1533 4628 lanuarlt
1562 4545 1904 4631 llllccclllllllxll.
