4882 6614
1042 861 1078 920 15

106 1065 185 1128 tatis
208 1063 397 1126 mentionem
429 1061 518 1142 quasi
546 1062 654 1125 furtim
684 1061 862 1140 immiscuit,
895 1066 931 1125 ut
959 1067 1055 1138 esset,
1084 1063 1122 1127 ad
1152 1081 1232 1144 quae
1262 1065 1368 1144 postea
1397 1061 1546 1144 respicere
1576 1065 1690 1142 posset.
1739 1061 1820 1124 Nam
1849 1060 1901 1126 ubi
1923 1063 1999 1126 dixit

105 1173 241 1236 ‹leorum
263 1172 513 1236 eommunionem
535 1171 660 1235 unioam
683 1189 788 1234 veram
809 1191 877 1236 esse
901 1171 1068 1250 diritatem,
1090 1170 1128 1258 (ξ
1152 1174 1208 1238 23;
1231 1187 1312 1258 μίαν
1333 1173 1397 1261 γαρ
1424 1173 1463 1260 (λη’
1487 1171 1609 1256 ταύτην
1630 1177 1788 1262 καθαρῶς
1816 1172 1997 1258 εὐδαίμονα

107 1285 285 1349 πολιτείαν
307 1288 369 1350 εἴτε
392 1293 449 1349 καὶ
472 1281 574 1351 πόλιν
595 1283 653 1370 χρὴ
675 1287 790 1350 καλεῖν
810 1283 869 1370 τήν
891 1287 982 1350 θεῶν
1003 1281 1083 1372 πρός
1106 1280 1268 1370 α’λλήλοος
1289 1279 1484 1362 κοινωνίαν),
1507 1280 1601 1343 verba
1617 1280 1764 1344 adnexuit
1792 1274 1853 1350 ίᾶιι
1879 1311 1913 1350 τε
1942 1297 1997 1350 και

106 1390 248 1476 σύμπαν
276 1389 315 1458 τύ
347 1389 476 1474 λογικύν
508 1391 667 1492 περιλάβῃ
689 1419 746 1474 τις,
769 1387 962 1476 dorpaneo
994 1393 1052 1460 σύν
1085 1399 1178 1472 θεοῖς
1212 1388 1481 1479 α’ριθμουμίνων,
1524 1390 1566 1468 uir
1606 1393 1722 1469 παῖδες
1759 1391 1817 1461 σύν
1858 1391 1999 1483 α’νόράσι

105 1505 262 1583 λέγονται
284 1513 432 1586 μετέχειν
454 1497 589 1578 πόλεως,
613 1498 705 1585 φύσει
730 1505 864 1568 πολῖται
887 1496 986 1582 ὄντες,
1011 1497 1049 1569 ού
1070 1507 1116 1592 τῷ
1138 1519 1265 1589 φρονεῖν
1287 1529 1323 1566 τε
1344 1511 1399 1566 καλ
1421 1491 1580 1587 πράττειν
1600 1501 1642 1567 roi
1671 1507 1736 1568 τῶν
1758 1505 1901 1570 πολιτῶν
1922 1499 1999 1572 odda

105 1617 156 1700 τῷ
175 1629 340 1678 κοινωνεῖν
361 1615 418 1677 τοῦ
440 1600 555 1693 νύμου,
579 1608 730 1688 ὀξύνεται
754 1606 841 1689 ὄντες
864 1609 975 1685 αὐτοῦ,
999 1609 1112 1690 quibus
1134 1610 1251 1674 indicat
1272 1629 1362 1692 posse
1386 1611 1480 1673 etiam
1501 1629 1551 1673 res
1571 1610 1725 1674 humanas
1741 1611 1868 1675 deorum
1884 1611 2000 1676 civitati

106 1720 244 1783 insertas
267 1719 393 1800 eogitari
416 1720 460 1782 ita
488 1721 524 1781 ut
545 1719 672 1783 rationis
694 1721 798 1801 partes
821 1719 924 1783 divina
946 1721 1102 1802 suscipere
1124 1719 1298 1796 videantur,
1321 1721 1463 1784 homiues
1486 1739 1556 1783 vero
1579 1719 1745 1783 infantium
1767 1721 1866 1784 instar
1886 1722 1999 1786 abillis

107 1829 221 1892 curari
256 1828 358 1907 Quam
389 1829 578 1892 sententiam
607 1828 679 1892 huie
708 1828 964 1893 demonstrationi
986 1848 1098 1911 parum
1121 1831 1226 1912 aptam
1250 1849 1316 1893 esse
1339 1830 1403 1912 ipse
1427 1829 1485 1893 Dio
1507 1832 1587 1892 teote
1618 1829 1734 1894 latetur
1756 1831 1866 1902 verbis,
1888 1833 2000 1912 quibus

107 1940 267 2021 prooemio
293 1939 389 2004 finem
418 1939 566 2021 imposuit
592 1939 672 2029 πρός
700 1967 731 2004 τι
753 1943 939 2008 τοιοῦτον
971 1937 1111 2030 ὥρμων
1141 1941 1186 2031 τῷ
1219 1939 1312 2030 λόγῳ.
1359 1939 1426 2002 Hoo
1459 1941 1565 2002 autem
1595 1940 1734 2004 luoratus
1767 1944 1824 2019 est,
1859 1945 1894 2004 ut
1927 1961 1999 2006 oum

107 2049 291 2112 Hierosonis
314 2049 434 2112 monitu
456 2048 548 2111 Dioni
571 2047 609 2110 de
632 2047 735 2109 diune
757 2048 832 2111 urbe
863 2049 1029 2113 dicendum
1052 2049 1101 2126 sit,
1126 2049 1162 2112 de
1186 2049 1364 2113 definitione
1392 2049 1455 2112 iam
1478 2051 1711 2132 praemonuisse
1734 2051 1874 2114 videatur
1901 2055 1932 2115 et
1961 2053 2000 2115 de

108 2159 171 2222 hae
194 2161 281 2241 parte
303 2159 429 2223 floridae
452 2158 577 2221 diotioni
600 2157 703 2220 minus
726 2159 799 2240 apta
820 2159 921 2222 brevis
943 2177 1012 2223 esse
1033 2159 1139 2241 possit.

267 2269 379 2332 Variae
403 2268 576 2332 Stoicorum
598 2267 708 2330 mundi
730 2268 923 2332 definitiones
946 2269 1029 2352 apud
1045 2269 1213 2333 Eusebium
1228 2269 1252 2350 ¹)
1275 2269 1325 2350 (el.
1348 2269 1557 2344 Diels364‚ll
1582 2269 1662 2350 sqq.)
1685 2273 1883 2334 enumeratae
1907 2274 1998 2334 sunt:

109 2384 201 2469 ζῷον,
220 2379 304 2460 θεός,
321 2371 465 2464 σύστημα
489 2380 524 2457 ἔξ
546 2374 689 2468 ούρανοῦ
711 2391 766 2444 καὶ
789 2375 881 2467 οἷίρος
903 2389 960 2446 καὶ
982 2381 1038 2468 γῆς
1060 2392 1115 2447 καῖ
1132 2380 1303 2468 θαλάσσης
1325 2393 1380 2446 καὶ
1398 2385 1460 2447 τῶν
1475 2381 1512 2446 ἒν
1527 2377 1639 2457 αύτοῖς
1661 2378 1798 2460 φύσεων,
1821 2379 2001 2469 οἰκητήριον

113 2496 204 2557 θεῶν
226 2502 282 2556 καὶ
306 2482 504 2579 α’νθριύπων,
528 2485 623 2566 πόλις
645 2489 681 2553 ἐκ
705 2493 797 2556 θεῶν
825 2500 879 2555 καὶ
908 2485 1103 2577 ἀνθρώπων
1125 2491 1318 2567 συνεστῶσα,
1340 2490 1483 2575 σύστημα
1506 2491 1541 2555 ἐκ
1565 2495 1657 2556 θεῶν
1684 2501 1740 2555 καὶ
1764 2486 2000 2578 α’νθριύπωνῗ).

108 2599 200 2662 Inter
222 2600 278 2662 has
301 2599 434 2662 Dionem
457 2599 534 2661 duas
558 2597 614 2660 sibi
637 2597 766 2678 elegisse
788 2601 820 2660 et
841 2598 885 2660 ita
908 2599 989 2662 inter
1011 2617 1043 2661 se
1066 2599 1244 2680 opposuisse
1266 2617 1361 2680 supra
1383 2598 1633 2662 demonstratum
1656 2601 1710 2672 est,
1734 2601 1771 2660 ot
1793 2599 2001 2663 civitatemad

109 2713 262 2786 ereetum,
291 2710 407 2772 animal
434 2709 471 2772 ad
499 2709 685 2789 flagrantem
715 2708 777 2771 sive
806 2712 1021 2772 renasoentem
1051 2709 1207 2772 mundum
1243 2709 1411 2772 adhiberet.
1471 2706 1558 2786 Quae
1593 2707 1747 2770 distinotio
1780 2708 2003 2772 obversabatur

110 2819 241 2899 quidem
265 2821 367 2882 animo
389 2817 507 2896 Dionis,
530 2839 603 2883 oum
625 2819 734 2894 verbis,
758 2837 837 2898 quae
859 2837 942 2882 nuno
964 2821 1146 2896 traotamus,
1180 2819 1372 2899 insequentis
1394 2817 1518 2881 fabulae
1540 2817 1629 2898 quasi
1652 2816 1857 2882 fundamenta
1877 2819 2000 2896 iaoeret,

111 2929 167 2992 sed
185 2928 323 2992 noudum
346 2947 418 2992 eam
433 2929 583 3012 explioare
606 2929 700 2994 liouit.
727 2929 822 2992 Vides
839 2931 942 2993 autem
958 2949 1051 3006 nuno,
1068 2948 1164 3011 quam
1178 2929 1351 2992 oeoessaria
1366 2928 1407 2990 sit
1420 2926 1536 2990 Reishii
1553 2927 1757 3008 parenthesis,
1773 2947 1836 3009 qua
1853 2929 2003 2993 liberatur

111 3039 152 3100 ab
176 3037 395 3100 additamentis
430 3039 577 3118 primaria
611 3038 719 3102 Dionis
756 3039 923 3118 sententia,
952 3040 1039 3102 ouius
1070 3039 1126 3102 hoo
1154 3039 1316 3102 eonsilium
1338 3039 1394 3114 est,
1416 3039 1453 3098 ut
1475 3037 1627 3116 quomodo
1656 3037 1763 3100 eivitas
1796 3039 1837 3102 sit
1864 3039 2002 3103 mundus

111 3149 280 3211 diseamus.
325 3149 392 3211 Hoo
414 3148 497 3211 enim
520 3148 606 3211 dioit:
632 3146 741 3226 „Quod
763 3148 825 3212 diri
847 3147 1000 3212 muudum
1023 3166 1090 3212 esse
1113 3147 1279 3222 civitatem,
1310 3165 1373 3209 nou
1399 3147 1444 3210 ita
1465 3147 1653 3227 intellegatis
1676 3149 1712 3210 ut
1734 3149 1873 3212 absolute
1895 3146 2001 3229 (ἄντι-

111 3285 189 3344 κρυς
206 3255 382 3340 τ-ύπλοῑς,
404 3277 474 3321 mor
496 3259 627 3349 κυρίως)
651 3258 732 3320 hano
761 3257 971 3321 definitionem
1000 3257 1100 3320 valere
1129 3257 1259 3340 putetis,
1288 3255 1343 3319 sed
1374 3256 1554 3319 hodiernam
1584 3257 1692 3320 muudi
1728 3257 2002 3323 conformationem

110 3369 179 3430 inre
202 3371 384 3449 comparant
405 3387 477 3430 oum
499 3369 576 3431 urbe
603 3370 635 3430 et
663 3369 789 3450 propter
811 3367 1046 3430 multitudinem
1068 3385 1184 3444 rerum,
1208 3385 1287 3448 quae
1309 3366 1549 3453 διακοσμήσεως
1572 3369 1709 3449 tempore
1725 3370 1757 3430 'm
1779 3387 1815 3432 ea
1831 3375 2004 3434 naseuntur

110 3483 144 3541 et
167 3480 306 3559 pereunt,
330 3480 361 3540 et
382 3479 507 3559 propter
530 3475 804 3541 administrationis
827 3476 965 3538 vimutes.
1006 3477 1102 3539 Reete
1126 3479 1231 3540 autem
1253 3475 1352 3557 primo
1375 3475 1440 3538 looo
1463 3475 1501 3538 do
1524 3475 1671 3539 varietate
1694 3477 1862 3542 virentium
1886 3483 2000 3556 monet,

111 3605 187 3650 nam
211 3606 246 3650 eo
267 3586 465 3668 potissimum
486 3587 562 3650 haee
584 3585 692 3649 muudi
714 3584 851 3648 oondioio
874 3601 892 3646 a
914 3585 1081 3666 posteriore
1103 3583 1213 3650 differt.
1231 3584 1312 3665 quod
1335 3603 1419 3647 nune
1434 3603 1524 3648 mens
1538 3585 1704 3667 dispertita
1719 3589 1767 3650 est
1788 3587 1819 3650 in
1838 3589 2004 3654 innumera

110 3695 269 3770 animalia,
292 3701 360 3759 tum
383 3715 455 3760 vero
477 3714 545 3759 sese
567 3695 693 3777 reeipiet
713 3694 746 3757 iu
768 3695 905 3776 supremi
927 3694 977 3757 dei
999 3695 1160 3758 unitatem.

267 3803 364 3869 Venio
393 3807 432 3869 ad
460 3807 670 3889 parenthesim
691 3804 799 3867 multis
821 3805 980 3868 arrhatam
1001 3823 1104 3885 neque
1127 3804 1264 3868 ieheibus
1294 3804 1429 3867 virorum
1456 3804 1618 3868 dootorum
1640 3807 1812 3883 conatibus,
1836 3827 1917 3888 quae
1940 3827 2003 3872 uua

109 3917 239 3996 excepta
254 3915 379 3978 literula
400 3916 475 3979 mihi
498 3916 620 3978 videtur
642 3933 719 3978 sana
741 3933 817 3978 esse.
849 3915 940 3976 Mitto
963 3914 1099 3996 Emperii
1121 3914 1251 3977 aliorum
1273 3913 1454 3978 tentamina.
1489 3914 1652 3978 Traditum
1675 3918 1742 3978 est:
1766 3919 1917 3984 laomor
1939 3921 2003 4006 γοὶρ

110 4023 157 4092 ἂν
194 4024 312 4114 ύπῆρχε
346 4031 440 4094 τοῦτο
478 4032 521 4116 τῷ
551 4025 635 4114 λόγῳ
662 4031 709 4114 τῷ
736 4037 809 4114 περὶ
840 4029 894 4110 τῆς
920 4024 1053 4106 πόλεως,
1082 4022 1192 4114 ὥσπερ
1221 4015 1279 4093 σύν
1310 4027 1413 4101 εἶπεν,
1445 4023 1591 4110 σύστημα
1624 4023 1815 4116 ἀνθρώπων
1848 4025 2002 4117 ὁρίσαντα.

109 4239 173 4311 σύν
193 4245 296 4306 autem
319 4263 358 4308 ne
373 4247 404 4307 te
419 4243 554 4308 offendat
568 4243 605 4306 ol.
622 4261 665 4306 or.
681 4241 752 4320 XII,
770 4243 819 4308 38.
855 4242 995 4325 Explicat
1009 4243 1067 4306 Dio
1083 4261 1138 4305 our
1158 4261 1216 4306 uos
1238 4243 1371 4306 vetuerit
1393 4242 1531 4306 absolute
1554 4243 1670 4307 dietam
1692 4244 1773 4307 hano
1794 4245 2003 4310 definitionem

110 4353 303 4433 intellegere.
339 4353 435 4417 Cuius
451 4351 668 4416 admonitionis
683 4353 866 4432 gravissima
881 4351 1007 4432 quidem
1023 4369 1117 4415 oausa
1133 4367 1169 4414 ea
1181 4354 1238 4425 est,
1263 4352 1345 4432 quod
1361 4371 1423 4415 uon
1439 4370 1562 4433 semper
1578 4354 1659 4416 valet
1673 4353 1750 4416 haee
1764 4354 1909 4420 definitio.
1941 4355 2003 4418 Sed

111 4464 196 4525 hano
218 4479 354 4538 oausam,
378 4481 473 4544 quam
495 4463 552 4525 hoo
575 4461 851 4541 argumentationis
874 4465 1013 4544 tempore
1036 4461 1196 4524 audientes
1219 4479 1280 4524 non
1302 4463 1434 4543 possunt
1455 4461 1644 4544 intellegere,
1667 4481 1751 4526 nuno
1778 4483 1840 4527 non
1869 4465 2002 4546 respioit.

110 4571 217 4634 Aliam
244 4571 358 4634 adfert:
385 4571 571 4636 mntrariam
596 4589 666 4636 eam
693 4571 802 4634 essaei
832 4571 917 4633 urbis
944 4569 1199 4652 interpretationi,
1230 4587 1323 4650 quarn
1346 4571 1438 4632 oertis
1459 4570 1559 4634 verbis
1582 4591 1676 4655 supra
1697 4577 1849 4656 posuerat,
1872 4579 2003 4660 πλῆθος

110 4683 221 4744 nutem
244 4681 363 4744 dixerat
384 4699 452 4744 eam
476 4699 544 4745 esse
567 4680 757 4770 ἀνθρώπων
780 4678 844 4749 dni
867 4681 925 4748 τοῦ
947 4680 1049 4764 νόμου
1071 4672 1301 4764 διοικούμενον.
1350 4678 1509 4758 Videlioet,
1533 4680 1558 4744 si
1581 4681 1656 4744 urbs
1677 4681 1853 4745 hominibus
1872 4687 2003 4756 ooustat,

111 4791 224 4854 urbem
246 4809 308 4852 non
331 4791 404 4854 lieet
424 4792 585 4854 nominare
608 4794 639 4854 et
662 4791 887 4854 elementorum
910 4791 941 4852 et
963 4789 1090 4852 deorum
1113 4791 1145 4851 et
1166 4789 1328 4852 bominum
1351 4789 1607 4852 ooniuuotionem.
1641 4789 1744 4854 Verba
1758 4791 1853 4872 igitur
1870 4797 1914 4882 τῷ
1931 4805 2003 4879 περὶ

114 4907 169 4988 τῆς
193 4894 317 4978 πόλεως
332 4903 363 4963 et
377 4901 412 4966 ro*
428 4907 489 4984 μὲν
504 4901 542 4988 dp*
567 4901 621 4989 τῆς
644 4899 768 4978 πόλεως
789 4900 834 4962 ita
856 4898 1011 4976 differunt,
1035 4901 1071 4960 ut
1089 4898 1142 4960 illa
1164 4898 1201 4961 de
1224 4897 1322 4980 priore
1345 4898 1398 4960 illa
1420 4899 1504 4961 urbis
1527 4899 1703 4963 delinitione
1727 4900 1809 4964 diota
1831 4902 1902 4978 sint,
1930 4901 2005 4964 haee

111 5013 222 5074 autem
245 5009 472 5092 interpreteris:
498 5010 600 5090 ,quod
623 5009 683 5072 dixi
706 5009 744 5072 de
768 5010 843 5072 urbe
865 5009 911 5090 (et
933 5009 1072 5071 humana
1093 5010 1125 5070 et
1146 5007 1282 5090 divina)“
1297 5007 1383 5070 -de
1400 5009 1531 5089 utraque
1546 5011 1630 5072 enim
1644 5009 1752 5072 callide
1768 5013 1861 5074 antea
1876 5011 2003 5074 dixerat.

269 5119 315 5182 De
327 5119 446 5200 reliqua
460 5120 680 5201 parentheseos
692 5123 779 5202 parte
794 5137 878 5181 nuno
892 5136 983 5181 nemo
999 5117 1160 5182 dubitabit.
1196 5116 1399 5180 Subnasoitur
1414 5119 1526 5180 oratori
1541 5117 1579 5180 de
1595 5119 1692 5182 altera
1706 5120 1814 5183 mundi
1829 5121 2005 5186 defiuitione

109 5229 230 5292 dioeuti
252 5228 424 5292 recordatio
447 5227 583 5304 alterius,
611 5228 649 5291 de
673 5247 735 5309 qua
756 5247 841 5292 nuuo
862 5227 1043 5309 explieatius
1066 5227 1166 5290 dioere
1188 5227 1215 5288 ei
1237 5245 1299 5289 non
1322 5226 1401 5290 licet.
1447 5225 1483 5290 lu
1514 5231 1696 5292 transoursu
1724 5231 1829 5293 tamen
1861 5248 1900 5293 ne
1925 5230 2006 5294 hano

231 5343 237 5348 ι
261 5343 293 5442 ll
308 5343 566 5448 {ffaepY-*E-vang.
583 5379 640 5442 XV,
655 5381 696 5434 15.

268 5465 291 5528 ¹)
308 5461 338 5517 ef.
359 5461 429 5516 Stob.
448 5461 493 5516 erl.
515 5463 569 5530 1,2l
591 5461 684 5528 184,10
701 5461 832 5516 Waobsm.
851 5464 952 5520 465.15
971 5463 1050 5516 Diels.
