4882 6614
1098 889 1137 950 23

169 1095 403 1160 accuratissime
422 1096 542 1158 vertam
558 1116 615 1156 -:
639 1093 745 1157 Finale
767 1092 951 1175 principium
967 1109 1034 1156 esse
1050 1092 1149 1171 debet,
1165 1093 1201 1154 ut
1215 1089 1373 1154 nascentia
1387 1087 1606 1152 necessitatem
1629 1088 1803 1151 absolutam
1823 1087 1966 1167 habeant,
1983 1089 2056 1170 quia

170 1203 208 1272 τό
236 1212 284 1272 »el
302 1203 338 1272 τδ
362 1205 500 1294 πρῶτον,
523 1205 560 1282 ἐξ
582 1202 723 1287 οἷνοὶγιιης
744 1202 780 1270 τὸ
803 1200 949 1293 dorequo«
976 1221 1011 1266 eo
1039 1220 1147 1265 verum
1175 1199 1293 1264 factum
1324 1200 1380 1275 est,
1412 1198 1493 1278 qnod
1516 1197 1705 1278 sequebatur
1736 1215 1771 1260 ex
1801 1197 1884 1261 illius
1913 1197 2056 1262 absoluta

171 1315 365 1392 necessitate,
390 1314 507 1378 initiale
530 1316 643 1389 autem,
666 1313 739 1394 quia
761 1311 804 1376 sic
829 1313 954 1376 tautum
980 1311 1206 1395 deprehendere
1232 1327 1397 1393 possumus
1421 1305 1459 1375 το
1489 1313 1539 1386 „el
1562 1308 1599 1374 τὸ
1629 1313 1763 1394 πρῶτον,
1789 1309 1825 1386 ἐξ
1848 1303 1993 1396 α’νάγιιγς
2018 1305 2053 1374 τὰ

171 1423 330 1514 dorsera?
368 1423 463 1488 Vides
486 1440 580 1505 quam
602 1422 711 1486 callide
733 1422 879 1486 extremis
901 1422 1000 1486 verbis
1022 1421 1189 1486 occuluerit
1209 1421 1303 1484 etiam
1324 1419 1410 1482 initio
1434 1436 1510 1501 opus
1533 1435 1600 1482 esse
1623 1418 1662 1481 ad
1685 1418 1765 1480 hanc
1785 1417 2012 1481 necessitatem.

327 1533 387 1598 Sed
410 1535 448 1599 de
463 1534 522 1597 bac
535 1533 787 1614 interpretatione
803 1532 984 1614 priusquam
998 1530 1214 1606 iudicabimus,
1229 1529 1347 1594 iurabit
1363 1531 1455 1592 antea
1469 1527 1584 1607 videre,
1602 1545 1737 1608 quanam
1752 1527 1801 1590 ria
1816 1527 2055 1609 Philoponus

175 1643 348 1708 Aristotelis
385 1661 513 1707 sensum
543 1641 690 1706 extricare
720 1642 880 1708 studuerit.
940 1641 994 1705 Bis
1024 1643 1075 1706 ille
1108 1641 1146 1704 de
1178 1640 1360 1704 necessitate
1394 1657 1472 1720 qnae
1506 1642 1553 1702 est
1585 1642 1621 1718 ἐξ
1655 1637 1844 1718 ὑποθέσεως
1876 1637 2054 1720 disputarit.

173 1753 315 1817 Primum
348 1752 457 1830 uiuat,
487 1753 539 1816 ubi
571 1753 647 1816 haec
676 1751 750 1815 dicit
778 1753 890 1821 διττοῦ
921 1750 1012 1832 ὄντος
1043 1757 1101 1820 τοῦ
1133 1751 1322 1833 ἀναγκαίου,
1354 1756 1413 1818 τοῦ
1439 1755 1500 1834 μέν
1527 1749 1640 1829 ἁπλοῖς
1672 1752 1844 1833 λεγομένοιν
1877 1747 2057 1831 οἷναγιιαέοο

172 1869 255 1931 καθ’
275 1860 294 1932 ὅ
316 1891 424 1946 φαμεν
444 1869 491 1954 τῷ
513 1876 655 1954 προτέρῳ
677 1859 715 1929 τό
740 1861 890 1948 δεύτερον
912 1863 948 1940 ἐξ
977 1861 1117 1948 α’νάγκης
1147 1861 1352 1944 οἷκολοσθεῑν,
1385 1865 1442 1929 τοῦ
1475 1861 1509 1927 δέ
1543 1861 1580 1938 ἐξ
1601 1857 1800 1938 ὑποθέσεως,
1834 1857 1911 1926 καθ’
1946 1857 1966 1924 d
1997 1857 2056 1926 τοτ’·

173 1975 324 2059 δευτέρον
345 1965 554 2062 έκβεβηκότος
577 1974 614 2050 ἐξ
635 1971 778 2060 α’νοίγκης
799 1969 837 2038 τό
862 1971 1021 2063 πρότερον
1042 1969 1173 2060 ὖπέστη.
1218 1971 1380 2052 Leguntur
1402 1970 1479 2038 haec
1501 1968 1592 2031 uerba
1613 1969 1644 2031 in
1667 1986 1703 2032 ea
1725 1971 1812 2051 parte
1841 1968 2056 2050 disputationis

173 2082 391 2164 Philcpcneae,
420 2101 499 2164 quae
523 2082 695 2146 secuudum
721 2099 841 2145 morem
863 2081 1039 2164 interpretis
1065 2081 1148 2144 haud
1171 2080 1379 2164 spernendum
1408 2079 1496 2161 quasi
1518 2078 1709 2161 prooemium
1732 2077 1867 2140 continet
1894 2077 2056 2142 universae

173 2192 370 2274 quaestionis,
393 2193 431 2256 de
455 2211 516 2273 qua
539 2192 640 2274 agitur
663 2195 798 2256 extremo
813 2192 987 2256 Aristotelis
1010 2192 1119 2274 capite.
1093 2191 1265 2256 eNolit
1266 2209 1358 2254 amen
1380 2190 1453 2254 inde
1469 2189 1692 2253 dubitationem
1707 2191 1853 2272 repetere,
1869 2207 1945 2252 num
1962 2189 2055 2252 etiam

173 2303 215 2366 ad
237 2303 331 2367 verba
352 2303 424 2370 ἀλλ’
448 2302 517 2372 ovd'
536 2305 573 2383 ἐξ
593 2300 782 2381 οποθέσεως
803 2303 921 2366 Aristot
907 2302 976 2366 telis
999 2302 1152 2386 pertineat
1138 2302 1248 2366 tbaec
1270 2300 1439 2382 explicatio.
1479 2300 1523 2362 lla
1545 2299 1626 2362 eninr
1643 2299 1856 2364 commentarii
1878 2302 1974 2382 parte,
1995 2318 2056 2381 qua

174 2413 279 2478 haec
272 2431 339 2496 ipsa
360 2413 453 2477 verba
474 2413 633 2488 emeriti
623 2416 715 2476 ittera
715 2432 753 2476 ur
774 2413 862 2494 (qgvp
887 2431 905 2476 a
926 2412 1017 2495 finel:

379 2535 434 2591 καὶ
456 2537 532 2601 τέως
555 2519 763 2606 δεέκννσινῇ
744 2552 793 2591 οτι
820 2520 1182 2592 sacramentotenus
1206 2520 1513 2612 &resequestrabat
1537 2529 1593 2610 τῆς
1620 2519 1721 2608 αοῖτῆς
1744 2549 1818 2588 τινα
1842 2521 2058 2610 κινουμεναη

379 2633 645 2718 μεταβάλλοντα,
669 2631 834 2702 derivatos
857 2632 980 2710 τούτοις
1002 2625 1150 2719 ὑπάρξαι
1174 2634 1208 2698 τὸ
1233 2631 1347 2711 οὲπλιός
1370 2628 1558 2714 α’ναγκαῑον.
1590 2638 1621 2698 εἰ
1640 2632 1703 2721 γάρ
1727 2629 1901 2722 τρῖπρώτρῖ
1928 2629 1997 2698 ὄντι
2019 2633 2057 2700 τό

379 2743 509 2877 ὕστερον
530 2745 567 2822 ἐξ
587 2741 729 2828 α’νάγκης
751 2743 930 2811 declarabat
950 2744 1005 2810 daci
1029 2741 1088 2831 τήν
1111 2747 1233 2812 ἑαυτοῦ
1255 2742 1352 2826 φύσιν
1374 2743 1506 2826 ἔχοντο
1531 2741 1722 2825 α’ναγοιαῑον,
1746 2743 1782 2809 έν
1805 2744 1840 2808 di
1863 2747 1908 2832 uqi
1931 2741 2056 2831 α’πείρῳ

381 2849 438 2922 οὖν
461 2853 528 2920 ἔστι
552 2881 586 2920 το
611 2861 741 2941 πρῶτον
763 2865 818 2921 καὶ
841 2881 877 2920 το
900 2851 1033 2939 ὕστερον
1055 2857 1180 2934 λαβεῖν,
1206 2852 1415 2940 πρόδηλονζ
1392 2881 1444 2988 ωςι
1457 2851 1512 2920 οὐκ
1535 2851 1626 2918 ἔσται
1651 2854 1705 2918 έπι
1734 2879 1859 2920 τουτων
1880 2853 1915 2918 τὸ
1939 2849 2055 2930 οἱπλως

381 2963 576 3048 α’ναγκαῒον,
600 2963 674 3032 ἄλλ’
697 2961 828 3034 adde
794 2993 829 3031 το
852 2968 889 3042 ἐξ
906 2963 1103 3043 ὖποθέσεως,
1130 2991 1172 3043 ως
1203 2957 1340 3046 λέγει”
1322 2989 1401 3092 οπερ
1423 2990 1463 3048 ην
1491 2968 1522 3027 εἰ
1542 2959 1577 3028 ad
1600 2959 1739 3050 ὕστερον,
1758 2973 1813 3028 καὶ
1841 2962 1877 3028 τὸ
1900 2961 2057 3094 πρότερον

380 3072 466 3153 33²
442 3101 598 3162 αναγκης.
643 3081 674 3142 εἰ
694 3069 753 3142 οὖν
775 3072 820 3161 μή
844 3073 933 3142 ἔστιν
956 3076 991 3142 ἐν
1013 3080 1053 3172 τῇ
1061 3070 1198 3208 ιοἷπείριμ
1223 3069 1342 3164 ειῗθεέᾳ
1364 3073 1399 3138 τό
1423 3071 1579 3160 πρότερον
1603 3085 1658 3138 και
1681 3099 1719 3139 το
1739 3069 1881 3157 ὕστερον,
1904 3071 1941 3140 οὐ
1955 3099 2058 3158 μοοοι

381 3211 418 3249 το
441 3180 555 3261 ἅπλῶς
578 3180 760 3266 αναγκαῖον
781 3182 837 3251 οὐκ
858 3185 946 3252 ἔστιν
967 3185 1003 3253 ἒν
1025 3181 1118 3270 αὐτῇ
1138 3182 1210 3250 α’λλ
1233 3179 1364 3252 odd&
1330 3209 1365 3250 το
1382 3180 1625 3261 ἐξὺποθέσεως
1646 3181 1762 3248 daei
1725 3209 1784 3266 την
1809 3177 1913 3269 αὐτήν
1938 3189 2055 3250 αἰτίαν

330 3289 441 3372 Itaque
463 3311 502 3356 ue
526 3292 715 3376 Philoponus
738 3293 864 3374 quidem
885 3293 1048 3357 lectionem
1071 3292 1145 3362 αλλ’
1168 3295 1204 3372 ἐξ
1224 3291 1409 3370 ὑποθέσεως
1432 3291 1525 3368 novit,
1553 3291 1606 3355 sed
1628 3291 1710 3354 idem
1732 3291 1915 3374 interpretat
1916 3310 1953 3354 ur
1974 3291 2056 3372 quod

175 3400 342 3483 explicavit
356 3401 538 3480 Alexander,
561 3403 678 3466 ratione
701 3422 771 3466 vero
795 3403 886 3484 plane
910 3403 1038 3468 diversa
1083 3402 1223 3484 Negosse
1254 3402 1340 3466 enim
1370 3401 1397 3465 ei
1427 3401 1548 3464 videtur
1569 3401 1759 3476 Aristoteles
1781 3419 1853 3464 cum
1875 3401 2056 3464 necessitate

177 3509 321 3574 concludi
353 3530 443 3594 posse
475 3513 506 3575 in
541 3513 661 3576 infinita
692 3513 888 3594 generatione
911 3531 947 3576 ex
969 3512 1134 3594 posteriore
1156 3512 1250 3594 prius.
1295 3509 1381 3588 Quae
1413 3511 1567 3575 sententia
1596 3531 1688 3592 quam
1719 3510 1854 3574 absurda
1881 3511 1923 3574 sit
1944 3511 2056 3574 clarius

178 3619 305 3702 patebit
327 3621 353 3684 si
375 3639 410 3686 eo
433 3623 571 3704 exemplo
594 3625 727 3696 utemur,
752 3641 811 3702 quo
834 3623 912 3686 solet
933 3622 991 3686 boe
1012 3621 1216 3702 generationis
1231 3639 1330 3702 genus
1346 3623 1453 3685 notare
1468 3622 1658 3687 Aristoteles.
1695 3621 1763 3685 Huc
1784 3621 1866 3686 enim
1888 3624 2055 3702 negantem

178 3730 254 3794 lacit
275 3730 463 3814 Philoponus
485 3733 693 3804 Aristotelem,
715 3732 779 3796 filio
800 3734 873 3795 nato
896 3730 1036 3796 concludi
1057 3749 1146 3814 posse
1168 3729 1263 3795 luisse
1285 3731 1376 3794 huius
1405 3731 1458 3794 filii
1488 3733 1624 3814 patrem!
1668 3731 1803 3796 Causam
1826 3735 1929 3796 autern
1952 3731 2056 3812 trisse,

176 3843 214 3903 ut
234 3839 278 3902 ita
299 3840 456 3920 iudicaret,
472 3842 628 3906 Aristoteli
644 3861 801 3906 summam
817 3843 849 3904 in
870 3841 991 3904 infinita
1013 3841 1208 3922 generatione
1231 3841 1504 3922 perturbationem,
1527 3842 1558 3904 in
1575 3859 1637 3923 qua
1657 3861 1697 3906 ne
1722 3841 1910 3924 deprehendi
1933 3841 2057 3924 quidem

176 3953 282 4032 posset
302 3951 388 4032 prius
411 3955 503 4032 atque
526 3953 687 4033 posterius.
732 3952 872 4032 Denique
894 3951 1069 4015 Aristotelis
1092 3951 1279 4014 senteutiam
1300 3952 1344 4014 ita
1367 3951 1551 4033 explicatam
1573 3971 1634 4016 non
1650 3953 1766 4016 veritus
1788 3955 1836 4016 est
1856 3952 2056 4034 impugnare:

176 4059 286 4141 (69⁸1)
309 4068 414 4130 ἰστέον
434 4063 468 4128 δὲ
491 4058 542 4128 ὅτι
573 4064 660 4130 δοκεῖ
686 4064 730 4148 μή
761 4071 1023 4150 κατωρθωμένον
1052 4063 1135 4129 εἶναι
1165 4059 1201 4127 τό
1230 4068 1376 4130 τοιοῦτον
1404 4062 1608 4150 ἐπιχείρημα.
1653 4061 1715 4125 Sed
1746 4061 1802 4124 has
1830 4061 2057 4126 criminationes

175 4169 282 4233 futiles
318 4189 373 4252 per
409 4189 442 4234 se
478 4190 578 4252 neque
617 4191 652 4234 ex
688 4171 756 4253 ipsa
791 4170 951 4254 Philoponi
987 4171 1238 4252 interpretatione
1278 4173 1367 4253 aptas
1410 4190 1494 4234 nunc
1533 4173 1632 4237 mitto.
1697 4171 1805 4253 Neque
1845 4172 2057 4255 interpretatio

176 4279 339 4363 Philoponi
357 4279 410 4343 diu
428 4299 484 4344 nos
506 4281 685 4356 morabitur,
704 4300 776 4344 cum
795 4283 860 4363 ipse
877 4280 1058 4344 Aristoteles
1079 4279 1178 4342 33ge9
1194 4283 1298 4363 aperte
1318 4281 1400 4344 dicat
1418 4279 1455 4346 od
1476 4283 1538 4370 γὰρ
1561 4280 1697 4369 α’νιίγκη,
1719 4289 1751 4349 el
1764 4279 1784 4348 ὅ
1799 4281 1908 4370 πατήρ
1921 4283 2055 4364 ἐγένετο.

178 4397 215 4456 σὲ
236 4400 401 4472 γενέσθαι·
428 4389 502 4458 ἄλλ’
523 4397 554 4458 εἰ
573 4389 621 4465 σύ,
652 4392 790 4468 ἐκεῖνον,
820 4409 921 4471 neque
945 4393 1056 4470 agatur
1077 4391 1134 4453 hoc
1155 4389 1220 4454 loco
1242 4390 1280 4453 de
1302 4390 1517 4466 concludendi,
1546 4391 1600 4454 sed
1630 4391 1667 4454 de
1697 4391 1841 4472 gignendi
1865 4391 2055 4454 necessitate.

332 4500 508 4564 Redeamus
530 4501 624 4580 igitur
646 4502 684 4564 ad
702 4501 920 4576 Alexandrum,
943 4500 1029 4562 cuius
1050 4499 1311 4582 interpretationis
1334 4517 1458 4562 summa
1479 4500 1557 4564 haee
1578 4505 1661 4564 erat:
1687 4521 1746 4565 non
1770 4520 1859 4584 posse
1881 4501 1912 4564 in
1935 4501 2055 4564 infinita

176 4608 255 4672 serie
271 4611 482 4673 necessarium
496 4611 567 4692 poni
584 4610 743 4684 ultimum;
766 4611 860 4692 igitur
875 4629 935 4674 non
952 4609 1126 4673 redundare
1142 4609 1180 4672 ab
1198 4609 1308 4673 ultimo
1329 4609 1548 4674 necessitatem
1565 4611 1603 4674 ad
1618 4611 1736 4694 priora;
1760 4613 1852 4693 igitur
1867 4629 1927 4675 non
1944 4630 2010 4675 esse
2025 4612 2057 4674 in

176 4719 236 4782 bac
258 4719 334 4782 serie
346 4720 440 4802 prius,
465 4739 501 4783 ex
517 4739 577 4801 quo
599 4739 670 4784 cum
686 4721 869 4784 necessitate
885 4724 1034 4800 sequatur
1053 4719 1216 4802 posterius.
1253 4718 1335 4782 Nam
1349 4738 1411 4783 non
1424 4721 1564 4801 sequitur
1580 4721 1644 4796 hcc,
1660 4721 1718 4786 nisi
1733 4741 1787 4804 per
1802 4739 1834 4786 se
1849 4722 2057 4785 necessarium

176 4831 226 4892 est
235 4829 397 4911 posterius.
435 4829 537 4908 Quam
548 4831 832 4914 interpretationem
844 4849 879 4894 ea
892 4831 1061 4894 subtilitate
1075 4829 1240 4913 expolitam
1254 4847 1330 4907 esse,
1347 4847 1441 4911 quam
1457 4833 1654 4913 expectamus
1669 4833 1776 4898 inviro
1792 4833 1866 4896 artis
1882 4831 2057 4894 dialecticae

176 4939 370 5022 peritissimo,
378 4939 822 5022 nemonegabitnequeaequo
832 4940 934 5005 animo
944 4940 1124 5006 dimicarem
1133 4940 1427 5006 cumAlexandrode
1435 4941 1666 5024 interpretando
1674 4943 1847 5017 Aristotele,
1856 4941 1914 5004 nisi
1923 4941 2058 5005 viderem

176 5068 250 5112 eum
272 5050 374 5132 ipsum
396 5049 433 5114 de
456 5051 619 5114 verborum
643 5051 894 5114 Aristoteleorum
917 5051 1114 5133 explicatione
1137 5051 1304 5116 dubitasse.
1326 5050 1420 5114 Tituli
1433 5052 1515 5115 enim
1533 5053 1625 5117 rerba
1647 5053 1793 5140 ἐξήγησις
1816 5055 1928 5132 λέξεως
1950 5050 2057 5133 ἄλλως

175 5161 296 5244 ἔχουσα
325 5160 417 5248 παρὰ
449 5161 506 5246 τὴν
532 5161 569 5227 έν
590 5166 636 5250 τῷ
657 5169 702 5240 εἰς
730 5161 810 5230 αὐτὰ
841 5160 1028 5248 inopima
1067 5161 1159 5224 aliam
1193 5161 1480 5244 interpretationem
1513 5162 1650 5226 indicunt
1676 5161 1862 5243 propositum
1896 5159 1989 5224 luisse
2026 5163 2056 5225 in

177 5269 408 5333 commentario.

329 5381 431 5460 Atque
454 5380 511 5443 hoc
533 5379 668 5462 primum
691 5381 869 5456 notaverim,
892 5399 929 5444 ea
952 5399 1030 5461 quae
1053 5379 1228 5444 Alexander
1249 5379 1287 5444 de
1310 5380 1532 5462 significatione
1557 5383 1612 5472 τῆς
1636 5381 1734 5471 ἀρχῆς
1758 5380 1839 5456 dicit,
1861 5381 1923 5444 vim
1945 5381 2058 5446 inferre

176 5487 278 5552 verbis
300 5489 480 5554 Aristotelis.
525 5490 618 5554 lllnm
642 5489 724 5554 enirn
747 5491 799 5554 ubi
821 5491 858 5554 de
882 5490 942 5554 fine
965 5491 1059 5554 simul
1085 5494 1177 5572 atque
1201 5491 1288 5554 initio
1315 5491 1520 5572 generationis
1550 5492 1621 5572 agit
1652 5511 1712 5556 non
1742 5490 1857 5555 mirum
1883 5493 1931 5554 est
1958 5491 2060 5579 ἀρχῆς

1914 5822 1938 5876 A
