4882 6614
1087 850 1106 912 9

304 1053 372 1116 Iam
402 1071 472 1116 vero
499 1053 530 1114 in
560 1053 685 1134 egregia
713 1051 864 1115 Zelleri
886 1052 925 1116 de
949 1051 1123 1118 Stoicorum
1145 1053 1285 1117 doctrina
1306 1052 1514 1135 disputatione
1536 1055 1631 1118 etiam
1653 1056 1691 1120 do
1719 1057 1917 1122 terrestribus
1940 1059 2041 1122 ruinis

151 1165 294 1228 accurate
310 1163 481 1246 exponitur,
506 1161 560 1226 sed
575 1163 859 1226 commemorantur
873 1162 1091 1226 tantummodo
1106 1162 1222 1227 diluvia
1235 1165 1270 1241 ¹).
1293 1163 1339 1226 lix
1354 1163 1442 1227 ouius
1456 1163 1514 1226 riri
1525 1163 1655 1244 silentio,
1678 1167 1728 1229 cui
1751 1169 1906 1247 qnantum
1928 1167 2040 1232 debeat

151 1273 247 1336 etiem
268 1273 326 1338 hoo
352 1272 391 1336 de
413 1272 513 1336 Dione
535 1273 720 1354 opusculum
742 1273 830 1353 grato
853 1273 959 1336 animo
981 1272 1135 1354 profiteor,
1157 1273 1216 1336 hoc
1237 1275 1320 1336 corte
1335 1273 1476 1337 concludi
1498 1277 1602 1356 potest
1622 1293 1683 1339 non
1707 1275 1802 1340 videri
1823 1277 1970 1342 aStoicis
1992 1277 2040 1342 in-

151 1382 260 1446 cendia
281 1382 441 1446 terrestria
462 1383 587 1465 praeter
609 1381 816 1446 universalem
839 1383 1118 1446 concremationem
1150 1383 1259 1446 doceri.
1312 1382 1441 1446 Accedit
1469 1383 1551 1463 quod
1580 1383 1804 1466 Hagenns²)
1837 1405 1908 1450 oum
1931 1386 2036 1451 Dionis

151 1497 172 1572 ξ
193 1494 235 1556 48
251 1495 321 1575 apte
342 1493 532 1576 comparavit
550 1491 722 1567 Platonem,
739 1491 791 1572 qui
810 1491 842 1554 in
864 1491 1068 1556 111ττεειεο22<1
1086 1511 1153 1574 sqq.
1170 1492 1268 1557 Dione
1284 1493 1464 1575 explicatius
1479 1497 1660 1558 narraverat
1677 1499 1709 1558 et
1723 1495 1839 1560 diluam
1853 1499 1884 1560 et
1898 1497 2038 1560 incendia

152 1602 377 1666 alternantibus
405 1601 596 1684 temporibus
630 1619 648 1664 a
676 1600 723 1664 dis
751 1600 872 1664 institui
894 1603 930 1664 ut
957 1605 1144 1684 purgaretur
1171 1605 1263 1666 terra.
1308 1601 1397 1666 Idem
1423 1601 1486 1666 iam
1509 1603 1548 1666 ad
1562 1602 1792 1669 Phaethontem
1807 1611 2033 1688 provocaverat.

150 1713 271 1776 Tamen
292 1711 469 1792 negaverim
487 1711 629 1786 Dionem,
663 1729 758 1792 quem
780 1710 920 1776 ridemus
942 1713 1042 1774 totam
1064 1709 1202 1776 fabulam
1225 1711 1335 1776 Stoicis
1357 1711 1484 1794 debere,
1515 1713 1596 1777 hanc
1619 1733 1715 1778 unam
1737 1714 1775 1779 de
1797 1715 1948 1780 incendiis
1970 1716 2037 1781 doc

150 1823 266 1885 trinam
288 1820 326 1884 do
349 1839 404 1884 suo
427 1819 582 1884 addidisse
604 1839 640 1884 err
661 1819 800 1883 Platone.
846 1819 908 1884 Sed
920 1819 1050 1884 Platone
1073 1822 1242 1885 utebantur
1254 1821 1358 1898 Stoici,
1390 1821 1499 1886 Stoicis
1522 1823 1589 1887 Dio.
1634 1823 1718 1888 Nam
1744 1824 1839 1888 etiam
1865 1825 1980 1889 diluvia
2009 1827 2037 1889 in

151 1931 280 1994 Platone
296 1931 455 2012 leguntur,
479 1947 557 2010 quae
579 1949 671 1994 nemo
694 1929 861 1994 contendet
883 1929 1006 1993 aliunde
1021 1930 1052 1993 in
1069 1929 1351 2012 Borystheniticam
1366 1931 1536 1996 orationem
1559 1933 1719 2014 migrasse,
1742 1951 1837 2014 quarn
1860 1953 1895 1998 err
1918 1931 2039 2000 Stoicis.

151 2041 192 2104 Et
223 2039 533 2104 animadvertendum
562 2041 610 2103 est
636 2039 676 2104 ad
698 2039 828 2112 uerbum
850 2038 914 2102 fere
936 2057 1105 2120 congruere
1129 2059 1201 2104 cum
1223 2041 1349 2106 timaeo
1364 2039 1642 2107 Pseudo-Philonei
1665 2043 1703 2108 de
1725 2043 1908 2109 aeternitate
1930 2045 2040 2110 mundi

151 2149 247 2214 libelli
268 2149 373 2228 finem,
396 2149 449 2213 uhi
472 2148 562 2212 hodie
585 2151 725 2212 constare
747 2147 869 2213 ridetur
890 2149 1022 2232 pugnari
1045 2152 1153 2213 contra
1161 2151 1411 2233 Theophrastum
1435 2151 1529 2216 armis
1552 2151 1664 2218 Stoicis
1677 2155 1712 2234 ³).

304 2259 459 2322 hlundum
480 2277 541 2322 non
565 2241 688 2341 semper
708 2259 809 2322 isdem
831 2258 946 2322 viribus
968 2259 1157 2323 instructum
1179 2259 1291 2341 vigere,
1314 2261 1426 2341 quibas
1448 2261 1595 2326 floruerat
1617 2263 1709 2326 modo
1724 2265 1827 2340 natus,
1844 2263 2041 2329 consentiens

151 2373 200 2434 est
221 2369 321 2452 opinio
343 2371 375 2432 et
390 2368 564 2432 Stoicomm
587 2371 619 2432 et
639 2368 873 2451 Epicureorum.
918 2368 1087 2432 'scetantur
1108 2369 1166 2432 hoc
1187 2369 1335 2450 Diogenis
1356 2370 1501 2444 Laertii⁴)
1533 2373 1627 2436 verba
1655 2384 1711 2440 ant
1735 2378 1768 2440 st
1784 2400 1816 2439 τι
1837 2375 2042 2442 ἐπιδεκτικόν

150 2483 218 2548 ἔστι
240 2480 297 2564 τῆς
318 2481 375 2546 ἐπὶ
396 2478 432 2544 τό
455 2496 562 2568 χεῖρον
576 2480 767 2568 μεταβολῆς,
791 2469 944 2564 φθαρτόν
966 2480 1045 2544 ἔστι·
1069 2489 1124 2545 καί
1145 2476 1291 2564 ὅτιόσμος
1309 2478 1384 2568 ἄρα·
1399 2482 1624 2566 ἐξαυχμοῦται
1647 2483 1711 2571 γᾶρ
1733 2495 1787 2550 soti
1810 2484 2039 2561 ἐξυδατοῦται.

150 2589 237 2668 Quae
260 2605 368 2652 careas
391 2588 428 2652 de
450 2588 571 2652 diluviis
594 2587 804 2668 incendiisque
825 2587 908 2652 dicta
930 2605 998 2652 esse
1020 2588 1135 2662 credas,
1166 2607 1202 2651 err
1224 2589 1336 2670 quibus
1357 2589 1489 2670 proclive
1513 2590 1638 2670 quidem
1661 2595 1729 2654 erat
1749 2609 1877 2655 causam
1892 2595 2041 2680 repetere,

150 2717 206 2762 our
227 2697 365 2762 mundus
386 2697 611 2780 pedetemptim
641 2699 672 2760 in
705 2697 810 2780 peiora
843 2697 942 2761 abeat,
999 2697 1061 2762 Sed
1094 2715 1154 2761 non
1184 2697 1328 2762 videntur
1362 2697 1456 2762 Stoici
1487 2698 1568 2762 hauc
1608 2700 1836 2764 conclusionem
1869 2699 2039 2765 admisisse.

152 2808 298 2888 Diogenis
319 2808 415 2871 verba
436 2807 494 2871 hoo
516 2809 640 2870 tanturn
663 2807 774 2870 docent
795 2807 963 2888 longinquo
977 2808 1059 2888 ignis
1082 2825 1242 2888 aquaeque
1257 2806 1391 2872 dominio
1407 2808 1570 2889 paullatim
1591 2809 1746 2872 mundum
1771 2810 1940 2892 depravari.
1986 2815 2042 2874 At·

152 2937 212 2998 que
235 2937 273 2980 nc
291 2917 384 2980 huius
400 2916 524 2997 quidem
540 2917 696 2980 doctrinae
719 2920 837 2980 tectum
875 2916 1000 2998 quidem
1037 2916 1091 2979 sed
1114 2919 1235 2981 certum
1264 2917 1352 2980 deest
1373 2917 1454 3000 apud
1478 2917 1608 2982 Dionem
1632 2921 1806 3000 vestigium.
1852 2919 1935 2984 Dicit
1957 2921 2041 2984 eninr

152 3028 184 3091 in
215 3026 326 3090 mundi
348 3027 551 3109 descriptione
574 3029 644 3108 post
666 3026 939 3106 conflagrationem
962 3027 1075 3089 itemm
1097 3025 1247 3090 condendi
1263 3025 1343 3111 (58):
1869 3031 1873 3038 '

355 3127 573 3224 ἐργασόμενος
590 3138 626 3203 δὲ
641 3147 696 3203 καῖ
711 3137 869 3214 τελεώσας
885 3134 1059 3214 ἀπέδειξεν
1071 3137 1108 3214 ἐξ
1123 3133 1223 3226 οἷρχῆς
1239 3136 1296 3204 τόν
1310 3133 1389 3204 ὄντα
1405 3131 1529 3219 κόσμον
1543 3135 1653 3225 ευέιὸῆ
1668 3149 1723 3204 καῖ
1739 3137 1840 3208 καλόν
1852 3135 2039 3228 οἷμηχόνως,

356 3247 441 3316 nott
465 3244 504 3334 δὴ
527 3239 797 3336 λαμπρότερονῆ
825 3245 890 3324 οἶος
918 3243 1041 3331 δρᾶται
1070 3251 1139 3314 νῦν·
1169 3236 1282 3312 πάντα
1312 3245 1377 3332 γάρ
1407 3272 1471 3313 που
1494 3258 1549 3312 καῖ
1571 3238 1679 3314 τᾶλλα
1702 3247 1781 3335 ἔργα
1805 3253 1871 3317 τεόν
1891 3251 2038 3338 δημιουρ·

153 3423 268 3498 ιαιιλόσγ
286 3425 336 3480 τόν
353 3427 437 3482 αότόν
455 3435 551 3482 τοῦτον
567 3423 615 3482 εἴτε
634 3423 768 3497 όμόζυγα,
793 3433 918 3496 πειρᾶται
936 3425 974 3493 δι’
993 3433 1040 3493 τῆς
1062 3428 1190 3484 ἐναντίας
1210 3432 1240 3498 εγ·
1259 3426 1392 3498 πρότερον
1415 3433 1521 3499 φθορᾷ,
1544 3421 1627 3480 tuma
1651 3431 1739 3500 πολλῷ
1759 3429 1968 3502 χειμαζόμενος,
1995 3439 2039 3487 καῖ

151 3515 273 3566 τοιοῦτον
292 3511 342 3566 tro
358 3517 486 3584 χειμῶνα
503 3514 664 3581 διηγεῖσθαι
683 3509 745 3570 τεός
757 3505 890 3573 Ἕλληνας
907 3507 959 3563 rino*
979 3509 1105 3574 νεότητός
1122 3530 1149 3563 τε
1168 3513 1213 3563 καῖ
1229 3508 1343 3580 μνήμης
1358 3506 1500 3571 α’σθενοῡς,
1520 3515 1565 3564 καὶ
1590 3515 1762 3566 Δευκαλίωνα
1782 3515 1962 3580 βασιλεύοντα
1981 3516 2039 3570 τότε

151 3605 245 3667 σφίσιν
261 3595 373 3667 α’ρκίσαι
393 3594 443 3668 πρό
463 3601 508 3661 τῆς
525 3596 670 3654 παντελοῦς
688 3599 805 3664 φθορᾶς.
825 3599 908 3646 ταῦτα
926 3596 961 3648 δέ
979 3603 1099 3654 σπανίως
1116 3600 1303 3663 συμβαίνοντα
1321 3597 1417 3648 όοιιεῖν
1434 3597 1489 3664 μὲν
1506 3593 1729 3668 όνθροόιιοιςόιό
1748 3593 1798 3650 τόν
1811 3593 1903 3652 adesir
1920 3593 2041 3672 ὄλεθρον

150 3688 300 3750 γίγνεσθαι
317 3678 356 3751 μα’
374 3677 442 3732 κατό
461 3677 546 3748 λόγον
562 3681 637 3749 μηδὲ
655 3684 786 3749 μετέχειν
806 3685 853 3744 τῆς
869 3685 913 3732 τοῦ
932 3677 1033 3740 παντός
1046 3673 1151 3740 τάξεως,
1171 3677 1327 3732 λανθάνειν
1346 3681 1378 3731 di
1391 3675 1488 3740 αότοός
1506 3679 1600 3749 ὀρθοῖς
1610 3681 1767 3752 γιγνόμενοι
1781 3685 1826 3734 καί
1844 3681 1912 3736 κατα
1924 3684 2043 3756 γνώμην

152 3772 197 3819 τοῦ
215 3759 347 3826 σιόζονεος
364 3767 410 3816 καί
427 3764 613 3836 κυβερνῶντος
630 3761 661 3815 τό
680 3768 742 3818 πᾶν.

305 3851 326 3918 1)
345 3851 375 3903 cl.
394 3849 475 3902 Zellar
492 3849 534 3902 dic
551 3847 716 3918 Philosophia
734 3849 779 3902 der
798 3847 925 3904 Griechen
944 3849 991 3911 111,
1011 3853 1045 3902 lu
1065 3851 1114 3904 156
1134 3849 1193 3903 adn.
1212 3849 1235 3901 3.

303 3935 326 4002 ¹)
345 3934 377 3988 cl.
395 3933 411 3988 l.
431 3951 451 3986 c.
470 3951 495 4004 p.
514 3934 555 3988 23.

303 4023 324 4086 ³)
340 4017 505 4072 Dissentiunt
517 4017 684 4072 Heracliti
696 4018 801 4072 Homer.
813 4019 889 4085 alleg.
899 4035 920 4072 c.
931 4018 972 4078 24,
982 4019 1025 4070 nbi
1039 4017 1183 4071 universale
1194 4019 1302 4072 entium
1313 4023 1341 4071 st
1351 4035 1368 4072 a
1380 4019 1475 4072 diluvio
1487 4021 1514 4070 et
1528 4035 1544 4072 a
1556 4017 1756 4086 conflagratione
1767 4021 1898 4089 repetitur.
1920 4021 2041 4076 Seneca

150 4105 183 4156 ad
202 4103 281 4156 Marc.
305 4103 366 4162 aaa
388 4102 420 4156 ds
435 4103 524 4156 mundi
549 4101 755 4170 conflagratione,
771 4103 832 4156 Nat.
846 4105 945 4172 quaeat
970 4101 1058 4168 urar
1073 4102 1105 4155 de
1120 4101 1309 4156 terraedilurio
1325 4103 1450 4172 disputat,
1469 4105 1554 4156 taccro
1576 4101 1678 4156 videtur
1697 4103 1814 4156 incendia
1827 4105 1972 4172 terrestria,
1991 4109 2040 4160 nisi

151 4187 200 4254 lll,
227 4187 302 4252 2S‚3
323 4186 509 4252 dubitabimus,
537 4187 569 4240 de
592 4203 702 4256 quonam
725 4187 835 4241 incendii
853 4203 946 4254 genere
963 4189 1067 4252 agatur:
1100 4203 1181 4256 ..aqna
1204 4190 1231 4239 st
1253 4186 1320 4254 ignis
1343 4188 1488 4240 terrenis
1507 4187 1679 4242 dominantur.
1709 4204 1739 4241 ex
1757 4187 1800 4242 his
1817 4191 1890 4242 ortus
1907 4193 1936 4242 st
1951 4206 1981 4243 er
2001 4191 2041 4244 his

155 4273 278 4326 interitus
296 4275 345 4327 sat.
363 4289 425 4338 ergo
442 4272 597 4342 quandoque
613 4271 732 4342 placuere
750 4288 790 4324 res
807 4287 887 4325 norae
904 4271 1000 4324 mundo
1017 4271 1055 4324 sic
1072 4272 1101 4324 in
1120 4287 1178 4324 nos
1195 4287 1266 4324 mare
1287 4272 1417 4326 emittitur
1434 4271 1556 4342 desuper,
1584 4275 1615 4324 ut
1636 4273 1719 4326 ferror
1741 4273 1867 4342 ignisque,
1895 4290 1952 4326 cam
1970 4275 2041 4328 aliud

156 4373 239 4422 genus
256 4356 328 4410 exitii
345 4357 470 4426 placuit&
503 4355 594 4408 Eidem
613 4355 729 4409 hominos
746 4372 834 4410 omnes
857 4355 977 4408 videntur·
993 4355 1202 4426 diluviis-perire.
1237 4354 1293 4408 Nec
1314 4356 1408 4409 mirum
1431 4358 1472 4408 eat
1493 4355 1557 4409 alios
1582 4356 1658 4410 aliter
1675 4356 1708 4409 ds
1732 4355 1773 4409 iris
1803 4357 1880 4410 rebus
1903 4359 2041 4426 cogitasse,

151 4443 249 4496 'lernen
266 4457 322 4494 earn
347 4441 530 4506 uenationem,
552 4456 618 4510 quae
641 4440 668 4494 in
691 4439 797 4493 Timaeo
814 4443 913 4506 exstat,
938 4439 1062 4510 primitus
1079 4457 1096 4492 a
1112 4439 1205 4492 Stoicis
1223 4443 1353 4510 receptam
1370 4439 1463 4501 inissa,
1482 4456 1527 4509 per
1544 4455 1572 4492 ss
1589 4439 1726 4494 verisimile
1742 4443 1790 4494 ost.
1827 4439 1895 4493 Nam
1913 4457 1944 4494 ne
1966 4457 2041 4495 omne

150 4543 232 4596 genus
258 4524 400 4578 humanum
429 4524 470 4578 his
493 4525 692 4594 particularibus
714 4525 797 4578 ruinis
819 4524 948 4578 deleretur
973 4521 1067 4576 Stoicis
1092 4539 1194 4592 quoque
1221 4523 1364 4577 curandum
1389 4526 1454 4588 erat,
1481 4522 1607 4592 siqnidem
1634 4523 1660 4576 in
1687 4523 1762 4577 initio
1786 4527 1891 4578 tantum
1917 4527 2041 4594 cuiusque

150 4611 240 4665 mundi
266 4609 363 4680 periodi
385 4627 416 4662 aa
437 4610 475 4662 ris
501 4613 545 4662 est
569 4611 661 4674 terrae,
688 4625 717 4662 ex
744 4626 796 4678 qua
818 4611 908 4679 sponte
926 4611 1045 4662 creentur
1067 4607 1182 4660 homines
1208 4609 1319 4678 limoque
1341 4609 1416 4677 quasi
1438 4609 1530 4662 matris
1555 4609 1632 4661 ubore
1650 4609 1755 4662 alantur
1777 4609 1822 4671 (ci.
1841 4609 1874 4661 de
1890 4607 1940 4662 hac
1956 4609 2041 4678 prima

149 4695 314 4764 gcnmations
331 4693 438 4747 Dionem
457 4693 484 4746 in
501 4709 535 4746 or.
555 4691 615 4754 Xll,
635 4691 685 4758 30).
715 4691 807 4762 ltaque
824 4692 933 4762 relinqui
952 4693 1082 4746 dehebant
1099 4693 1197 4745 semina
1214 4693 1340 4762 quaedam
1357 4693 1503 4746 futurorum
1521 4691 1661 4758 hominnm,
1679 4709 1709 4747 er
1727 4693 1821 4762 quibua
1839 4693 1923 4746 denuo
1944 4693 2040 4746 consor

150 4783 236 4834 uretur
260 4779 369 4832 scaeua
390 4777 511 4830 humana.
548 4777 685 4846 Aequabili
707 4777 789 4845 igitur
811 4780 910 4832 rationo
932 4777 1108 4847 dispertienda
1131 4781 1188 4830 erat
1211 4777 1275 4830 haec
1295 4776 1370 4830 minu
1389 4777 1456 4829 inter
1480 4775 1531 4830 duo
1548 4765 1682 4842 elementa,
1701 4781 1731 4829 nt
1746 4777 1846 4830 furente
1865 4777 1919 4844 igni
1937 4779 2040 4846 aquosis

150 4865 258 4919 latebris
276 4863 399 4933 reliquiae
416 4862 475 4916 illae
492 4861 600 4916 humani
618 4862 722 4915 seminis
741 4879 768 4914 ss
786 4861 880 4916 abdam
889 4863 998 4932 possint.
1016 4862 1192 4916 crescentibus
1216 4860 1292 4914 undis
1313 4860 1439 4914 montium
1463 4863 1598 4912 serventur
1621 4862 1760 4914 cacumine.
1796 4859 1882 4924 Qu'ars
1899 4861 2039 4914 secundum

151 4949 284 5002 Platonem
297 4948 365 5018 apud
380 4948 422 5003 Pr.
435 4946 569 5001 Philonem
582 4947 705 5016 legimus:
727 4943 791 5018 πρός
801 4947 833 4998 de*
842 4951 1013 5017 μαχομένων
1024 4945 1174 5016 δυνάμεων
1192 4945 1224 4998 ἐν
1240 4949 1319 5016 μέρει
1337 4941 1396 5002 εοός
1412 4945 1443 4996 όν
1460 4944 1594 5004 ἐναντίοις
1607 4945 1749 5004 οἰκοῦντας
1762 4941 1853 5002 τόποις
1867 4939 2041 4998 αἰιόλλυσθαι

151 5035 215 5101 aopi
232 5033 285 5102 μὲν
304 5028 366 5091 roric
383 5031 414 5084 όν
432 5033 507 5104 ὄρεσι
523 5033 568 5084 καί
586 5028 735 5100 γεωλόφοις
752 5032 799 5082 καί
825 5023 975 5102 δοσόόροις
995 5037 1107 5100 χωρίοις
1123 5022 1167 5082 ἆτ’
1185 5027 1234 5082 oria
1252 5031 1365 5100 ἔχοντας
1384 5025 1468 5098 πυρός
1485 5023 1656 5100 α’μονιόριον
1673 5029 1804 5098 όφθονον
1822 5021 1906 5100 όιίοιρ,
1921 5031 2040 5098 ἔμπαλιν

151 5119 184 5170 de*
207 5109 288 5168 όιίατι
314 5111 376 5175 roric
399 5113 472 5185 παρό
495 5119 628 5186 ποταμοῖς
652 5113 671 5180 ἤ
692 5118 801 5184 λίμναις
823 5115 838 5178 ἡ
864 5111 989 5186 haldup.
1025 5113 1111 5169 Causa
1132 5119 1220 5168 numm
1242 5115 1320 5168 huius
1342 5113 1507 5184 particularis
1530 5113 1600 5166 exitui
1621 5116 1649 5166 et
1667 5129 1697 5166 ex
1714 5113 1828 5167 moribus
1845 5119 1949 5184 poterat
1964 5117 1992 5168 et
2009 5131 2038 5168 ετ

151 5202 250 5256 ratione
267 5201 375 5272 physica
400 5201 489 5271 repeti.
526 5200 653 5268 Physious
674 5216 730 5253 esse
754 5199 867 5264 ridetur,
893 5215 969 5268 quom
987 5197 1029 5252 Pa.
1048 5197 1123 5252 Philo
1145 5201 1269 5268 seqnitrrn
1305 5197 1415 5250 Senecas
1438 5213 1469 5252 ox
1489 5213 1590 5251 morum
1612 5198 1793 5267 depravatione
1815 5197 1943 5252 dilumum
1963 5201 2037 5252 nasci

150 5285 260 5352 videtur,
279 5285 391 5346 „scilicet
408 5288 438 5338 ut
455 5301 529 5338 omns
547 5301 577 5339 er
590 5285 691 5350 integro
703 5283 798 5338 animal
817 5285 954 5351 generatur
972 5281 1099 5351 deturque
1116 5283 1192 5336 terris
1210 5283 1286 5336 homo
1303 5283 1399 5336 inscius
1423 5283 1546 5336 scelerum
1569 5285 1597 5334 et
1618 5281 1765 5336 melioribus
1786 5281 1909 5353 auspiciis
1932 5285 2040 5340 namen

150 5371 191 5423 Da
209 5371 314 5424 consilio
332 5370 403 5423 exitii
420 5373 492 5424 tacet
509 5369 565 5423 Dio.

303 5459 325 5516 ‘l
343 5455 373 5509 ct.
392 5455 449 5520 Vll,
470 5455 515 5508 141
537 5472 561 5524 p.
583 5453 638 5520 189,
657 5453 691 5506 38
709 5452 796 5508 Cobet
