4882 6614
1369 833 1407 894 16

438 1037 564 1119 quidem
587 1035 700 1114 ἁπλῶς
722 1037 968 1118 intellegendam
990 1054 1057 1100 esse
1079 1039 1194 1100 monet.
1238 1037 1399 1100 absonum
1422 1036 1505 1098 enim
1527 1054 1595 1102 esse
1619 1036 1712 1100 simul
1735 1036 1844 1100 urbem
1867 1043 1898 1101 et
1913 1003 2028 1102 adimal
2045 1039 2200 1104 mundum
2217 1039 2329 1104 dicere.

438 1146 524 1224 Quae
547 1147 641 1209 verba
663 1146 737 1227 quid
760 1146 817 1209 sibi
840 1147 942 1222 velint,
966 1163 1061 1228 supra
1082 1151 1126 1227 (p.
1151 1144 1205 1228 13)
1227 1145 1400 1227 expositum
1422 1147 1477 1208 est.

589 1257 692 1336 Atque
714 1256 790 1318 haee
812 1255 915 1318 omnia
937 1255 1014 1316 mihi
1047 1253 1173 1335 quidem
1200 1255 1269 1318 lune
1292 1255 1436 1318 videntur
1458 1255 1520 1317 iem
1547 1273 1608 1317 non
1636 1272 1747 1320 oerore.
1792 1255 1904 1318 Restat
1934 1258 2039 1319 autem
2068 1275 2185 1338 magna
2213 1259 2329 1341 periodi

436 1383 532 1447 supra
557 1365 728 1446 exscriptae
750 1381 833 1446 pars,
857 1383 936 1444 quae
959 1363 1099 1427 nondum
1123 1363 1266 1445 expedita
1288 1367 1343 1439 est,
1366 1363 1463 1426 verba
1485 1380 1564 1442 quae
1585 1368 1623 1450 τῇ
1645 1370 1704 1432 νῦν
1727 1353 1931 1450 διακοσμήσει
1952 1365 2161 1447 explicationis
2190 1386 2288 1432 causa
2313 1388 2329 1430 a

436 1475 584 1556 scriptore
607 1473 712 1536 addita
734 1475 808 1536 sunt
830 1473 982 1555 explicatu
1006 1471 1195 1538 diffieiilima.
1240 1471 1381 1550 Quorum
1402 1472 1525 1536 initium
1548 1445 1674 1552 quidem
1697 1489 1809 1535 sanum
1832 1476 1901 1538 est..
1928 1471 2079 1554 Loquitur
2101 1477 2185 1539 enim
2208 1477 2270 1540 Dio
2291 1478 2328 1540 de

436 1602 472 1647 eo
486 1582 595 1646 mundi
611 1584 758 1663 tempore,
782 1601 842 1663 quo
865 1583 1047 1646 universum
1071 1581 1275 1662 „dispositum
1297 1584 1346 1645 est
1367 1584 1461 1663 atque
1485 1581 1682 1664 dispertitum
1703 1581 1736 1644 in
1750 1581 1851 1644 varias
1867 1583 2052 1664 plantarum,
2073 1585 2284 1650 animantium
2300 1598 2327 1648 et

434 1691 614 1755 mortalium
627 1692 659 1754 et
673 1691 897 1754 immortalium
919 1710 977 1754 neo
991 1710 1051 1754 non
1069 1691 1147 1754 een's
1162 1693 1263 1754 terrae
1279 1708 1377 1772 aquae
1391 1691 1471 1772 ignis
1488 1690 1633 1756 formas.“
1667 1690 1737 1754 Iam
1751 1709 1822 1754 vero
1837 1691 1868 1754 in
1884 1692 2137 1762 Meermanniano
2151 1701 2328 1776 sequuntur

435 1803 511 1864 haee
532 1801 627 1864 verba
648 1803 684 1868 ἐν
706 1799 804 1867 οὐδὲν
824 1793 921 1887 ἧττον
943 1797 1088 1886 responde
1112 1802 1148 1868 dv
1171 1796 1280 1867 ἅπασι
1302 1799 1431 1880 τούτοις
1459 1813 1515 1867 καὶ
1537 1801 1600 1890 μιᾷ
1625 1807 1716 1898 ψυχῇ
1737 1813 1793 1867 καὶ
1817 1800 1952 1884 δυνάμει
1976 1795 2172 1887 διεπόμενον
2201 1805 2226 1871 δι’
2247 1797 2325 1888 μύτε

435 1912 475 2008 τῇ
503 1902 596 1977 πέλει
626 1902 872 1994 προσεικάζουσι
904 1913 978 1993 nrt,
1006 1928 1041 1972 ex
1064 1908 1176 1989 quibus
1198 1907 1223 1974 δι’
1246 1909 1326 1996 μήτε
1349 1915 1390 2007 τῇ
1410 1910 1575 1992 Emporias
1598 1909 1823 1990 speciosissima
1844 1911 2019 1974 eonieetura
2040 1930 2167 1976 sanasse
2193 1913 2325 1983 videtur.

434 2038 506 2082 oum
532 2017 685 2106 ἁμηγέπη
710 2019 885 2099 scripserit3
925 2018 1006 2099 quod
1035 2018 1060 2080 si
1089 2035 1198 2082 verum
1236 2020 1292 2092 est,
1321 2010 1514 2102 διεπόμενον
1542 2018 1667 2081 olaudet
1696 2019 1895 2081 enuntiatum
1926 2019 1964 2081 ab
1998 2017 2141 2109 δπηνίιια
2174 2023 2324 2104 pendens.

434 2129 544 2192 Dioam
566 2131 673 2190 autem
694 2127 831 2209 primum
854 2128 891 2191 de
915 2128 1000 2190 initio
1027 2128 1198 2190 sentenan
1219 2127 1312 2190 modo
1334 2127 1518 2209 propositae.
1552 2130 1655 2207 Atque
1683 2127 1812 2191 dubium
1834 2147 1895 2192 non
1918 2129 1966 2190 est
1992 2147 2086 2192 sensu
2109 2148 2233 2194 nassum
2257 2150 2325 2195 ease

434 2237 517 2318 quod
539 2236 673 2300 traditur
694 2238 731 2303 iv
762 2233 860 2306 ούδὲν
889 2227 997 2322 ἧττον.
1043 2235 1142 2318 Opem
1172 2235 1251 2298 ferre
1278 2236 1369 2299 multi
1398 2236 1595 2301 studuerunt.
1647 2237 1812 2319 Empelius
1839 2237 2000 2320 primum)
2027 2238 2173 2320 vulgatae
2200 2241 2324 2304 lectioni

435 2351 485 2428 (lv
508 2344 614 2416 ούδενῐ
637 2338 748 2434 ἧττον)
773 2347 986 2428 patrocinatus
1008 2345 1091 2408 hune
1113 2344 1220 2408 Dionis
1244 2365 1370 2409 sensum
1395 2365 1461 2409 esse
1490 2346 1632 2429 opinatus
1660 2350 1709 2409 est
1737 2346 1786 2424 „in
1814 2347 1903 2438 tanta
1929 2365 2034 2410 rernm
2060 2349 2262 2413 multitudine
2294 2353 2324 2412 in

432 2459 520 2521 nulla
556 2457 604 2519 sui
634 2457 721 2538 parte
754 2457 964 2532 (universnm)
991 2455 1126 2518 deterius
1157 2457 1205 2518 eet
1227 2474 1321 2535 quam
1343 2456 1375 2519 in
1398 2456 1555 2536 reliquis.“
1601 2455 1662 2520 Sed
1686 2456 1744 2518 etsi
1765 2455 2001 2520 oonoederemus
2023 2476 2113 2540 posse
2139 2458 2183 2522 ita
2209 2477 2323 2523 sanum

431 2567 524 2648 loqui,
537 2568 644 2629 eontra
665 2564 783 2629 Stoicos
804 2567 997 2647 pugnantem
1020 2565 1094 2627 lacit
1107 2564 1239 2628 Dionem
1255 2564 1428 2648 Emporias,
1445 2566 1592 2645 quoniam
1606 2566 1638 2628 in
1653 2565 1809 2629 vilissimis
1825 2565 1969 2629 admirati
1981 2569 2056 2630 sunt
2069 2567 2171 2632 inesse
2187 2568 2322 2650 deame).

431 2677 540 2740 Brevis
563 2694 614 2738 ero
637 2675 675 2738 de
698 2674 849 2754 Pllugolrii
865 2673 1025 2754 Geeliique
1048 2674 1240 2749 coniecturis
1264 2693 1396 2755 quorum
1424 2675 1474 2737 ille
1497 2675 1534 2742 iv
1557 2673 1661 2744 ούδενῐ
1686 2668 1782 2763 ἧττον
1805 2668 1955 2761 πεφυκός,
1979 2675 2131 2751 <aab
2153 2679 2190 2745 dv
2211 2676 2320 2746 ἅπασι

431 2784 574 2872 ὁμοίως
597 2797 663 2858 aori,
686 2785 736 2847 hie
758 2786 795 2851 ἐν
817 2783 925 2852 osidae
948 2776 1045 2870 ἧττον
1067 2776 1216 2868 πεφυκός,
1239 2786 1276 2851 ἐν
1298 2783 1405 2852 ἅπασι
1426 2787 1462 2851 δὲ
1485 2782 1597 2868 ὅμοίως
1619 2796 1674 2851 καὶ
1691 2785 1821 2867 scripsit.
1866 2784 2026 2866 Namque
2048 2786 2116 2851 iure
2139 2788 2321 2852 universum

430 2897 531 2958 inesse
554 2893 674 2956 dieatur
703 2893 735 2956 in
759 2893 899 2975 partibus
921 2892 1056 2956 universi
1077 2912 1138 2957 non
1161 2893 1317 2974 intellego.
1363 2893 1514 2958 Subtilius
1548 2893 1755 2974 exoogitatum
1789 2897 1845 2972 est,
1880 2895 1960 2976 quod
1994 2897 2102 2977 postea
2127 2897 2322 2980 Emporiusl)

429 3003 588 3086 proposuit
603 3003 671 3070 νοῦ
693 3005 733 3069 δὲ
754 2995 862 3090 ἧττον,
886 3001 968 3082 qnod
991 3002 1035 3065 ita
1057 3003 1288 3086 interpretatur,
1312 3004 1492 3067 universum
1515 3003 1689 3068 subiectum
1712 3021 1778 3066 esse
1801 3004 1913 3066 mentis
1937 3005 2147 3069 dominationi.
2184 3005 2243 3070 Sed
2258 3026 2320 3070 non

429 3113 557 3176 dedebat
579 3110 718 3174 Steioum
740 3111 821 3174 inter
842 3112 1022 3175 universum
1045 3115 1076 3176 et
1098 3113 1192 3177 deum
1215 3113 1414 3193 distinguere,
1438 3115 1486 3177 oui
1509 3115 1677 3193 utrumque
1700 3113 1782 3176 idem
1805 3131 1873 3175 esse
1896 3113 1996 3177 debet.

583 3219 693 3284 Ordior
719 3220 864 3300 equidem
894 3221 932 3284 ab
955 3240 1000 3296 eo,
1024 3240 1084 3300 quo
1113 3239 1177 3284 non
1204 3239 1256 3284 me
1283 3221 1364 3302 lugit
1393 3224 1498 3303 augeri
1527 3222 1751 3298 difficultatem,
1782 3222 1875 3285 verba
1903 3224 2043 3308 πεφυκὸς
2073 3260 2113 3270 -
2135 3217 2265 3304 τούτοις
2290 3235 2320 3288 et

427 3327 622 3414 διεπόμενον
643 3347 705 3391 non
728 3346 817 3410 posse
840 3328 923 3391 dieta
946 3347 1013 3392 esse
1035 3329 1074 3392 de
1097 3329 1207 3392 eadem
1227 3348 1268 3392 re.
1311 3329 1506 3415 διεπόμενον
1535 3330 1618 3395 enim
1643 3331 1732 3418 ψυχῇ
1754 3333 1801 3394 est
1821 3330 2011 3395 universum.
2052 3331 2194 3418 Πεμιοιδς
2211 3337 2320 3398 antem

427 3442 464 3508 lv
486 3437 594 3507 ἅπασι
614 3431 739 3516 τούτοις
762 3437 822 3501 diei
844 3439 953 3518 nequit
974 3437 1033 3501 nisi
1056 3439 1095 3502 de
1117 3457 1154 3502 ea
1175 3439 1310 3503 universi
1340 3443 1436 3522 parte,
1470 3458 1550 3522 quae
1579 3457 1634 3523 per
1666 3413 1774 3503 omnes
1797 3439 1909 3503 diffusa
1943 3445 1999 3516 est,
2031 3442 2051 3505 i.
2086 3460 2111 3506 e.
2146 3442 2320 3507 demente

427 3549 490 3612 sive
521 3548 640 3631 spiritu.
700 3547 875 3627 Flagitatur
906 3547 1001 3628 igitur
1031 3548 1069 3611 ad
1099 3544 1239 3633 πεφυκός
1274 3550 1514 3624 substantivum,
1545 3569 1605 3630 quo
1636 3568 1727 3612 mene
1749 3549 1948 3628 significetur,
1982 3550 2064 3631 quod
2096 3551 2243 3614 excidisse
2283 3574 2319 3616 eo

427 3659 587 3722 molestius
610 3659 665 3730 est,
687 3656 759 3737 quia
781 3675 896 3737 magna
916 3660 964 3720 est
985 3657 1118 3720 varietas
1129 3658 1328 3736 locutionum,
1352 3660 1463 3741 quibus
1479 3659 1574 3723 Stoioi
1588 3661 1774 3722 notavenmt
1788 3658 1874 3736 illud,
1900 3659 1982 3740 quod
1999 3673 2124 3746 πέφυκε
2138 3662 2176 3731 ἐν
2197 3657 2317 3730 ἅπασι.

426 3768 534 3832 luisse
556 3767 639 3831 enim
661 3769 764 3848 potest
785 3766 862 3830 deus
885 3766 1011 3848 spiritus
1034 3769 1123 3830 tenor
1145 3769 1252 3831 aether
1274 3769 1355 3848 ignis
1377 3770 1478 3832 reotor
1500 3786 1590 3831 mens
1614 3767 1682 3832 alia.
1728 3766 1790 3832 Sed
1811 3769 1903 3850 plura
1925 3769 2111 3846 exciderunt,
2134 3789 2230 3851 quam
2252 3791 2318 3834 nna

427 3879 545 3952 vooula,
568 3897 642 3940 nam
665 3875 760 3945 οὐδέν
781 3869 880 3963 ἧττον
902 3877 983 3958 quod
1007 3879 1097 3940 oauto
1124 3877 1331 3959 suspioionem
1354 3897 1416 3941 non
1437 3878 1573 3941 movebit
1596 3877 1711 3942 indioat
1737 3878 1831 3942 deum
1861 3899 1921 3943 non
1953 3879 2055 3943 solum
2078 3879 2196 3944 dietum
2219 3880 2318 3945 fnisse

428 3989 527 4050 inesse
558 3987 590 4050 in
620 3986 762 4049 omnibus
793 3985 893 4060 rebus,
921 3985 974 4049 sed
1005 3985 1098 4049 aliam
1126 4004 1249 4066 quoque
1278 3987 1350 4050 huie
1378 3988 1550 4070 oppositam
1572 3988 1719 4051 virtutem
1741 3989 1779 4052 de
1804 4007 1839 4052 eo
1862 3993 1954 4052 antea
1975 3989 2187 4072 praediostam
2209 3989 2319 4056 luisse.

426 4095 523 4165 οιῗδὲν
543 4089 640 4183 ἧττον
661 4095 744 4159 enim
775 4096 922 4171 ,‚temen“
953 4095 1108 4176 signifieat
1136 4095 1185 4180 (of.
1209 4115 1250 4159 or.
1275 4097 1388 4177 30,li).
1424 4097 1518 4161 Porro
1541 4097 1628 4161 deest
1650 4098 1808 4174 transitus,
1833 4098 1884 4179 qui
1907 4098 1972 4162 fieri
1995 4099 2088 4164 debet
2110 4117 2128 4162 a
2150 4100 2318 4182 partitione

427 4206 561 4269 universi
590 4204 629 4267 ad
652 4203 853 4268 describenda
875 4204 925 4267 dei
947 4205 1056 4269 offiois.
1100 4206 1159 4268 Dei
1178 4209 1283 4268 autem
1306 4225 1342 4269 ea
1365 4209 1412 4270 est
1434 4207 1609 4289 pnneipalis
1632 4207 1720 4298 aetio2
1751 4225 1813 4287 qua
1842 4209 1978 4272 disereta
2006 4209 2038 4272 in
2060 4209 2161 4272 varias
2183 4213 2318 4273 naturas

426 4316 590 4390 eontineat,
613 4314 858 4394 continendaque
873 4313 1060 4379 moderetur.
1104 4314 1246 4396 Denique
1268 4335 1340 4379 oum
1362 4317 1398 4383 τδ
1422 4316 1494 4384 πᾶν
1516 4318 1688 4381 subieotum
1711 4317 1760 4393 sit,
1784 4337 1846 4381 non
1868 4321 1971 4399 potest
1994 4318 2132 4382 eiusdem
2160 4319 2318 4382 enuntiati

427 4423 601 4488 subieotum
625 4443 691 4487 esse
714 4424 744 4486 id
767 4423 1008 4500 substantivum,
1031 4443 1165 4504 quonum
1187 4425 1386 4489 eoniunotum
1410 4429 1458 4490 est
1479 4427 1631 4511 πεφυκός.
1670 4427 1788 4489 Deesse
1803 4426 1899 4506 igitur
1917 4427 2040 4491 videtur
2054 4428 2177 4492 initium
2192 4429 2316 4492 relativi

427 4533 590 4611 enuntiati,
622 4534 709 4596 euius
732 4533 802 4595 finis
827 4534 917 4596 rerba
940 4537 1014 4596 sunt
1035 4531 1131 4602 οὐδὲν
1154 4571 1195 4579 -
1218 4535 1349 4615 τούτοις.
1388 4534 1507 4613 Quibus
1522 4537 1665 4600 omnibus
1680 4537 1839 4619 perpensis
1853 4538 2004 4619 temptavi
2020 4538 2130 4624 πυρός,
2149 4537 2313 4617 <droam

426 4648 460 4712 di
500 4635 713 4728 συνεχύμενόν
741 4671 775 4709 τε
800 4649 849 4732 τῷ
880 4644 1041 4728 πνεύματι
1070 4643 1122 4726 (δι’
1154 4643 1173 4710 t*
1205 4637 1319 4713 πάντα
1351 4649 1389 4744 ζῇ
1422 4653 1515 4713 θεῖον
1536 4653 1598 4728 μὲν
1628 4645 1666 4714 ὂν
1697 4659 1753 4713 καὶ
1787 4643 1906 4720 α’ίδιον,
1938 4646 2052 4721 ἄλλ’)
2090 4647 2185 4718 oddar
2217 4640 2318 4736 ἧττον

426 4755 566 4838 πεφυκὸς
595 4755 632 4820 ἰν
660 4751 767 4818 ἅπασι
791 4745 928 4834 τούτοις)
950 4765 1005 4820 καὶ
1028 4759 1090 4842 μιᾷ
1114 4760 1207 4852 ψυχῇ
1229 4755 1440 4840 scalduvrium
1467 4754 1670 4841 διεπόμενον.
1696 4755 1715 4818 i.
1743 4773 1769 4820 e.
1796 4757 1846 4836 (eo
1879 4759 2105 4838 temporeque
2131 4757 2314 4822 universum

427 4863 624 4945 dispertitum
649 4861 777 4944 quidem
799 4865 847 4924 est
869 4862 900 4924 in
916 4863 1171 4946 multosformas)
1194 4863 1248 4926 sed
1271 4865 1363 4927 etium
1380 4864 1527 4928 adonius
1547 4864 1685 4928 numinis
1708 4865 1861 4928 unitatem
1880 4865 2041 4930 redactum
2062 4867 2175 4949 qruppe
2202 4869 2314 4950 spiritu

425 4972 600 5048 coercitum,
622 4991 677 5054 per
699 4990 793 5052 quem
816 4971 919 5035 omnia
941 4972 1045 5052 vigent
1067 4973 1125 5036 etsi
1145 4972 1283 5037 divinum
1307 4977 1337 5036 et
1359 4976 1528 5050 aeternum,
1551 4976 1657 5037 tamen
1681 4976 1823 5039 omnibus
1845 4976 1894 5040 his
1916 4977 2008 5040 rebus
2030 4979 2143 5040 natura
2164 4977 2315 5058 insitum)

424 5089 455 5146 et
477 5083 591 5146 unsri
614 5085 707 5162 atque
731 5082 835 5144 anima
857 5081 1120 5146 administratum.

556 5204 737 5211 .—.-——-—
748 5203 829 5210 -η

578 5253 597 5316 ¹)
613 5250 645 5304 el.
663 5248 863 5303 Observationes
882 5250 908 5302 in
927 5249 1035 5302 Dionem
1052 5267 1076 5319 p.
1095 5249 1136 5302 48.

577 5335 598 5402 ¹)
617 5335 649 5387 el.
667 5333 749 5386 Zellsr
767 5333 783 5386 l.
801 5350 823 5389 e.
841 5352 865 5405 p.
885 5333 935 5388 138
952 5334 1011 5387 adn.
1030 5339 1053 5388 ⁶2.

574 5420 596 5485 ⁸)
614 5419 645 5473 ef.
664 5419 731 5471 Aeta
747 5419 833 5472 eoeiet.
853 5417 965 5472 Graecae
984 5419 1068 5480 1353.
