5060 6604
1269 813 1376 906 --¹0

611 1021 679 1096 raia
701 1015 769 1082 άπδ
791 1014 843 1100 της
868 1027 980 1102 τέχνης
1002 1025 1058 1080 καὶ
1081 1015 1146 1082 τιῦν
1168 1021 1283 1099 χειροῖν
1305 1017 1508 1106 παραχρῆμα
1531 1023 1590 1084 τοῦ
1614 1016 1809 1103 ποιήσαντος
1831 1033 1958 1108 κρείττω
1985 1032 2041 1085 καὶ
2071 1011 2293 1108 στιλπνότερα.

612 1136 666 1192 καί
686 1130 756 1193 τοῖν
777 1129 889 1211 φυτιῦν
910 1125 951 1190 τά
976 1123 1118 1210 νειότερα
1141 1123 1367 1212 εὐθαλέστερα
1391 1125 1457 1192 τιῦν
1482 1126 1639 1192 παλαιῶν
1663 1123 1727 1191 δ’σα
1749 1153 1784 1192 τε
1806 1129 1959 1206 βλαστοῖς
1981 1126 2118 1195 ἐοικότα.

562 1234 700 1298 Mundus
723 1235 828 1298 autem
843 1251 956 1315 pronos
970 1232 1001 1294 in
1019 1249 1116 1297 annos
1131 1231 1323 1313 degenerans
1338 1232 1472 1297 bominis
1491 1233 1600 1298 similis
1615 1238 1673 1312 est,
1695 1235 1783 1298 euius
1800 1235 1862 1298 rita
1876 1237 1907 1299 in
1923 1237 2087 1300 infantiam
2102 1231 2294 1301 inventutem

410 1345 567 1408 maturam
598 1345 732 1407 aetatem
761 1345 956 1406 senectutem
989 1341 1144 1406 dividitur.
1200 1341 1356 1405 Infantem
1383 1361 1454 1406 vero
1477 1343 1632 1406 mundum
1653 1343 1685 1406 in
1712 1346 1875 1427 propatulo
1897 1349 1945 1408 est
1969 1347 2179 1426 gratissimam
2201 1347 2296 1411 fauisse

410 1453 594 1517 adversariis
611 1452 774 1516 cavillandi
797 1451 962 1534 Chrysippi
984 1469 1121 1514 causam.
1174 1451 1240 1515 Nec
1262 1450 1399 1528 defuere,
1423 1453 1475 1534 qui
1498 1456 1661 1516 uterentur
1682 1454 1840 1518 occasione
1865 1455 1978 1520 oblata.
2028 1455 2176 1520 conferas
2204 1457 2296 1520 velim

409 1583 447 1628 ea
469 1581 548 1645 quae
575 1561 747 1628 Critolaum
779 1565 904 1626 secutus
927 1563 1036 1624 auctor
1057 1561 1151 1625 libelli
1174 1562 1211 1624 de
1235 1564 1417 1627 aeternitate
1446 1563 1556 1627 mundi
1586 1563 1717 1644 dicate)
1748 1611 1779 1628 ..
1804 1583 1936 1634 σκοπεῖν
1957 1562 2061 1647 ἄξιον,
2088 1562 2139 1632 ὅτι
2166 1571 2237 1634 πᾶν
2256 1567 2294 1632 κε’

409 1666 585 1758 γενόμενον
613 1675 651 1742 ἐν
681 1671 765 1771 άρχῇ
792 1681 852 1756 μὲν
882 1674 932 1738 δεῖ
959 1663 1092 1750 πάντως
1121 1672 1232 1752 άτελές
1260 1675 1357 1749 εἶναι,
1381 1665 1495 1762 χρόνου
1527 1676 1561 1740 δὲ
1596 1664 1764 1763 προιόντος
1799 1671 1965 1750 αῦξεσθαι
1996 1688 2088 1762 μέχρι
2119 1679 2297 1754 παντελοῦς

410 1783 610 1864 τελειώσεως,
625 1780 708 1850 ιδστε
730 1789 760 1848 el
778 1793 908 1864 γέγονεν
931 1780 947 1847 δ
970 1779 1097 1865 κόσμος,
1108 1775 1147 1869 ἢν
1168 1793 1230 1866 μέν
1252 1789 1346 1862 ποθ’,
1371 1787 1429 1851 ἵνα
1451 1781 1539 1866 κάχιό
1563 1777 1733 1869 χρήσωμαι
1755 1797 1822 1860 τοϊς
1844 1781 1978 1870 ἡλικιιῦν
2007 1777 2153 1869 ὀνόμασι,
2184 1786 2296 1880 κομιδῇ

411 1888 538 1981 νήπιος,
561 1895 748 1971 ἐπιβαίνων
770 1894 798 1959 δ’
812 1884 914 1970 αῦθις
937 1893 1097 1959 ἐνιαυτοῖν
1120 1882 1279 1978 περιόδοις
1301 1904 1358 1959 καὶ
1379 1885 1489 1978 μήκεσι
1511 1893 1636 1980 χρόνων
1658 1892 1725 1975 σ’ψὲ
1748 1905 1802 1960 καὶ
1824 1893 1916 1976 μόλις
1939 1894 2116 1982 ἐτελειώθη
2134 1940 2141 1954 ·
2161 1943 2166 1956 .
2183 1895 2240 1962 τόν
2262 1897 2298 1962 δὲ

411 2004 528 2087 κόσμον
557 2007 590 2069 εἴ
616 2029 663 2080 τις
693 2004 814 2086 νομίζει
844 1991 1031 2088 χρήσασθαί
1057 2027 1136 2068 ποτε
1164 2020 1235 2080 ταῖς
1259 2001 1428 2080 τοιαύταις
1451 2006 1660 2087 μεταβολαῖς,
1690 1997 1910 2093 α’θεραπεύτῳ
1940 2017 2042 2092 μανίᾳ
2066 2017 2298 2094 κεκρατημένος

410 2115 454 2199 pp*
479 2113 671 2194 α’γνοείσθω·
694 2113 794 2199 δῆλον
815 2113 879 2198 γάρ
902 2110 944 2187 οἷς
976 2106 1016 2178 οῦ
1036 2109 1138 2194 μόνον
1159 2109 1263 2178 αὐτοῦ
1291 2113 1326 2176 τό
1356 2113 1570 2194 σωματοειδὲς
1598 2107 1832 2199 αῦξηθήσεται,
1859 2111 2005 2202 λη’ψεται
2032 2115 2067 2179 δέ
2095 2111 2188 2179 aciei
2218 2115 2293 2191 νοῦς

411 2224 564 2290 ἐπίδοσιν
587 2269 619 2284 ..
651 2221 768 2290 οῦκοῦν
791 2217 975 2310 άνθριόπου
997 2220 1118 2308 τρόπον
1140 2223 1176 2287 ἐν
1200 2217 1284 2316 άρχῇ
1305 2229 1367 2304 μὲν
1389 2221 1444 2302 τῆς
1465 2234 1615 2304 γενέσεως
1637 2219 1751 2303 ἄλογος
1772 2223 1874 2304 ἔσται,
1899 2271 1954 2284 ...
1979 2220 2065 2306 άπερ
2088 2271 2118 2286 ..
2143 2219 2294 2290 δπσνοεῑν

412 2331 538 2412 α’σεβές·
562 2335 627 2398 κτλ.
683 2331 803 2394 Iterum
837 2333 943 2392 eumin
972 2329 1067 2392 habes
1089 2329 1222 2392 Dionem
1247 2327 1422 2392 Stoicorum
1454 2328 1636 2392 adversariis
1659 2331 1703 2392 ita
1725 2330 1951 2412 obloquentem,
1976 2334 2012 2393 ut
2032 2331 2171 2412 ipsorum
2195 2333 2295 2394 verbis

414 2445 528 2504 utatur.
574 2441 681 2522 Pergit
703 2441 786 2503 enim
809 2441 842 2520 (ᾗ
860 2442 943 2520 billa·

617 2550 711 2637 ἡμὲν
733 2549 797 2641 γάρ
820 2544 1005 2639 άνθριῦπου
1027 2549 1120 2636 φύσις
1142 2560 1246 2630 νηπία
1270 2575 1303 2612 τε
1320 2559 1373 2613 καὶ
1390 2545 1519 2636 ῦδαρής,
1542 2549 1639 2632 όμσία
1656 2542 1821 2640 Δήμητρος
1845 2547 1953 2618 άτελει·
1973 2543 2061 2648 χλόη,
2085 2555 2294 2640 προελθοῦσα

618 2663 654 2726 δὲ
679 2667 724 2738 εἰς
754 2658 789 2725 τό
820 2673 939 2746 μέτρον
968 2657 1052 2748 δρας
1081 2668 1136 2724 καὶ
1165 2657 1312 2746 νεότητος
1343 2655 1470 2735 παντός
1498 2657 1643 2744 σῖτεχνῦς
1676 2666 1777 2744 φυτοῦ
1799 2678 1940 2746 κρεῖττον
1962 2673 2017 2726 καὶ
2041 2663 2297 2750 ἐπιφανέστερον

617 2763 800 2857 βλάστημα
829 2769 845 2834 δ
877 2772 912 2834 δὲ
943 2760 1074 2852 ξύμπας
1096 2757 1234 2854 οῦρανός
1263 2795 1297 2834 τε
1320 2779 1376 2834 ani
1402 2761 1527 2850 κόσμος,
1558 2765 1613 2835 δ’τε
1640 2774 1772 2857 πρῶτον
1799 2773 2013 2858 συνετελέσθη
2035 2779 2209 2858 κοσμηθεὶς
2232 2767 2298 2839 ῦπδ

617 2886 673 2965 τῆς
697 2880 886 2966 σοφωτάτης
908 2890 963 2945 καὶ
984 2877 1112 2965 άρίστης
1134 2888 1254 2964 τέχνης,
1276 2875 1349 2965 άρτι
1372 2877 1439 2945 τῶν
1455 2882 1515 2945 τοῦ
1530 2879 1725 2961 δημιουργοῦ
1741 2885 1857 2964 χειροῖν
1872 2875 2132 2967 άπηλλιιχμένος,
2148 2883 2296 2968 λαμπρός

618 3003 672 3056 καὶ
696 2990 830 3072 διαυγής
851 2999 908 3056 καὶ
931 2987 1015 3054 πᾶσι
1038 3002 1103 3065 τοῖς
1126 2999 1234 3072 μέρεσι
1256 2998 1471 3070 παμφαίνων,
1496 2985 1638 3072 νήπιος
1659 2996 1733 3072 μὲν
1749 2985 1891 3056 asidera
1914 2989 2059 3076 χρόνον
2075 2991 2200 3071 ἐγένετο
2224 2988 2298 3058 οῦδὲ

618 3097 762 3186 α’σθενης
784 3100 868 3165 κατά
892 3100 953 3184 τήν
975 3097 1189 3182 ἀνθρωπίνην
1210 3123 1246 3162 τε
1267 3106 1321 3161 καὶ
1345 3095 1472 3181 θνητήν
1494 3101 1549 3180 τῆς
1572 3097 1694 3180 φύσεως
1717 3097 1907 3180 α’σθένειαν,
1923 3110 1991 3177 νέος
2010 3100 2045 3164 δὲ
2061 3111 2116 3164 καὶ
2139 3099 2299 3182 άκμάζων

618 3208 720 3286 εῦθῦς
742 3207 812 3275 α’πδ
835 3214 888 3295 τῆς
911 3206 1018 3296 ἀρχῆς.

567 3317 715 3381 Ceterum
738 3317 967 3380 animadvertas
990 3334 1086 3396 quarn
1108 3315 1186 3377 laete
1210 3315 1354 3392 assurgat
1375 3313 1551 3410 eloquentia
1573 3313 1728 3395 scriptoris
1751 3314 1782 3376 in
1804 3314 1862 3377 bae
1888 3318 2027 3378 extrema
2052 3317 2173 3380 fabulae
2200 3321 2296 3400 parte,

415 3429 468 3509 qui
494 3427 621 3492 tandem
651 3427 791 3510 sepositis
821 3426 985 3508 Chrysippi
1015 3425 1222 3488 voluminibus
1251 3423 1371 3506 proprio
1401 3422 1511 3504 spiritu
1539 3423 1647 3500 fertur,
1679 3426 1714 3486 ut
1746 3429 1855 3507 sponte
1890 3425 1977 3489 nobis
2000 3425 2117 3506 Vergili
2149 3428 2299 3490 memoria

415 3538 540 3616 oriatm,
566 3539 619 3618 qui
643 3537 776 3600 eundern
799 3537 967 3618 genitalem
989 3535 1071 3598 diem
1093 3535 1201 3599 mnndi
1225 3533 1393 3616 simplicius
1416 3533 1582 3598 celebravit
1604 3536 1635 3597 et
1656 3534 1822 3616 pulchrius.

568 3648 663 3712 Nobis
686 3666 757 3710 vero
779 3647 918 3710 nondum
940 3645 1233 3729 lieetChrysippnm
1255 3643 1419 3706 dimittere.
1453 3641 1660 3706 Redenndam
1683 3645 1766 3706 enim
1788 3647 1844 3720 est,
1867 3644 1950 3707 unde
1974 3645 2099 3709 deflexit
2121 3647 2296 3729 disputatio,

416 3759 454 3822 ad
470 3758 699 3840 palingenesiae
711 3758 833 3821 initium
847 3757 879 3840 (ξ
892 3758 955 3832 54).
986 3758 1100 3819 Actum
1115 3757 1182 3817 erat
1197 3755 1234 3817 de
1250 3755 1397 3833 quattuor
1411 3751 1508 3832 equis,
1525 3769 1631 3815 omnes
1646 3753 1677 3814 in
1694 3771 1783 3816 suam
1798 3754 2006 3818 substantiam
2020 3759 2155 3819 verterat
2168 3758 2296 3838 primus.

414 3869 506 3932 Nunc
528 3868 655 3931 demum
677 3867 765 3949 piget
785 3867 919 3931 Dionem
941 3865 1092 3946 equestris
1114 3864 1197 3927 illius
1220 3861 1466 3944 comparationis,
1483 3879 1577 3940 quern
1591 3861 1655 3924 iam
1671 3881 1765 3944 snpra
1778 3864 1912 3928 uidimus
1926 3865 1998 3928 inde
2014 3883 2032 3928 a
2048 3867 2147 3930 verbis
2161 3863 2247 3951 ὅμως
2262 3871 2296 3934 δὲ

414 3979 540 4043 abiectis
562 3978 653 4058 nugis
676 3978 850 4058 legentibus
872 3993 984 4058 puram
1006 3975 1241 4053 absolutamque
1263 3989 1430 4054 proponere
1453 3970 1669 4049 substantiam,
1686 3974 1749 4036 sive
1764 3973 1867 4054 ignem
1882 3975 2064 4056 primarium
2080 3976 2143 4039 sire
2158 3979 2297 4040 mentem

415 4089 560 4164 divinam,
577 4087 677 4167 qualis
689 4087 782 4151 fuerit
796 4107 830 4150 eo
843 4091 990 4168 tempore,
1004 4103 1064 4166 quo
1080 4083 1220 4148 nondam
1235 4081 1389 4144 mundum
1401 4081 1568 4142 creaverat.
1592 4079 1824 4146 Notaboautem
1839 4083 1974 4165 primum
1986 4085 2151 4148 ridiculum
2163 4105 2298 4150 errorem

414 4199 559 4279 ungatao
581 4198 729 4274 lectionis,
755 4217 848 4277 quern
863 4197 960 4259 sensit
975 4194 1101 4276 quidem
1121 4193 1293 4274 Emperius,
1309 4194 1414 4254 tamen
1430 4187 1546 4270 recepit
1562 4189 1594 4252 in
1610 4191 1777 4256 editionem
1792 4211 1891 4258 suam.
1934 4194 1983 4256 lta
1999 4195 2082 4259 enim
2096 4195 2146 4259 bie
2157 4196 2297 4277 legimus,

617 4312 764 4392 λειφθεὶς
778 4308 840 4397 γάρ
856 4307 894 4391 δη
910 4305 1008 4392 μόνος
1026 4304 1042 4370 ό
1058 4309 1130 4383 νοῦς
1144 4315 1200 4370 καὶ
1215 4302 1319 4370 τόπον
1341 4297 1515 4386 α’μήχανον
1525 4299 1695 4384 ἐμπλήσας
1717 4299 1820 4372 αδτοῦ
1841 4331 1886 4385 γε,
1903 4303 1962 4370 οἵτε
1976 4333 2013 4386 γε
2028 4315 2130 4385 πίθος
2145 4313 2298 4393 πανταχῆ

618 4430 801 4502 κεχυμένος,
825 4412 956 4492 οῦδενδς
979 4417 1015 4482 ἐν
1037 4412 1127 4504 αῦτηῖ
1149 4417 1274 4481 πυκνοῦ
1294 4415 1496 4494 λειφθέντος,
1527 4405 1613 4475 άλλά
1638 4409 1744 4495 πάσης
1768 4407 2009 4504 ἐπικρατούσης
2036 4408 2222 4500 μανότητος,
2243 4411 2295 4482 ότι

619 4525 787 4604 κάλλιπες
813 4539 957 4607 γίγνεται
986 4527 1043 4613 τήν
1072 4519 1316 4612 καθαρωτάτην
1345 4516 1460 4598 λαβιδν
1489 4517 1588 4604 αὐγῆς
1621 4519 1785 4605 α’κηράτου
1808 4516 1906 4606 φύσιν
1934 4524 2039 4599 εὐθύς
2067 4517 2215 4613 ἐπόθησε
2237 4527 2296 4592 τδν

618 4636 655 4706 ἐξ
677 4634 778 4721 α’ρχῆς
798 4640 883 4713 βίον.

569 4743 694 4808 Nescire
717 4761 767 4806 me
790 4743 888 4806 fauor
911 4743 984 4824 quid
1007 4743 1048 4805 sit
1069 4739 1185 4804 dolium
1208 4739 1322 4818 ubique
1349 4736 1463 4801 insum.
1507 4735 1588 4798 item
1620 4757 1681 4801 non
1709 4757 1865 4821 assequor,
1895 4761 1950 4804 cur
1979 4743 2122 4824 Emperio
2151 4744 2210 4808 Dio
2241 4744 2297 4807 hoe

415 4855 481 4918 loeo
497 4853 637 4918 videatur
649 4853 812 4916 cavillatus
835 4872 911 4916 esse.
944 4851 1071 4917 Accedit
1087 4849 1167 4932 qnod
1183 4851 1248 4912 tam
1265 4846 1398 4910 absurda
1414 4845 1569 4908 sententia
1584 4865 1622 4909 ne
1637 4849 1752 4912 tradita
1767 4851 1891 4932 quidem
1908 4854 1963 4914 est.
1996 4851 2033 4914 In
2044 4853 2297 4917 Meermanniano

417 4965 501 5028 enim
523 4963 626 5033 αὐτοῦ
648 4991 685 5044 γε
707 4971 822 5030 πίθωσ
842 4963 964 5043 legitur.
996 4963 1066 5026 Non
1089 4961 1189 5024 dicam
1212 4958 1375 5037 contigisse
1397 4955 1473 5017 mibi
1496 4955 1675 5020 utDionem
1697 4961 1903 5036 restituerem,
1930 4963 1982 5025 sed
2005 4966 2080 5044 puto
2103 4963 2202 5026 simile
2225 4963 2297 5044 qnid

417 5075 456 5137 ab
478 5093 513 5137 eo
535 5073 686 5156 scriptum
708 5071 803 5136 luisse
827 5073 892 5136 eius
914 5073 995 5154 quod
1018 5089 1201 5154 proponam:
1225 5065 1352 5144 αὐτός
1374 5059 1571 5148 πεφυκώς.
1607 5066 1695 5147 Quod
1718 5074 1754 5131 ut
1777 5071 1902 5135 credam
1917 5073 2053 5154 primum
2075 5075 2234 5137 structura
2247 5091 2297 5136 me

417 5185 520 5246 movet
541 5184 632 5266 plane
656 5181 834 5264 aequabilis,
859 5201 953 5263 quam
976 5183 1030 5245 tali
1058 5181 1227 5244 mutatione
1258 5177 1425 5240 lucramur.
1471 5173 1583 5238 Videas
1614 5178 1697 5240 enim
1720 5198 1815 5260 quam
1837 5186 1978 5246 accurate
2007 5183 2062 5246 sibi
2093 5183 2299 5265 respondeant

570 5413 592 5475 ¹)
610 5413 641 5466 ci.
660 5428 684 5480 p.
702 5411 778 5476 aloa
795 5411 917 5476 Bernays.
