4882 6614
1376 887 1416 947 14

599 1085 646 1150 Ad
662 1087 755 1150 duem
771 1085 898 1167 perduxi
918 1084 1018 1166 mythi
1033 1084 1142 1148 Dionei
1163 1087 1389 1150 enarrationem
1412 1089 1444 1150 et
1465 1087 1661 1166 conticerem,
1684 1090 1744 1152 nisi
1765 1093 1898 1154 restaret
1918 1093 1944 1156 is
1966 1094 2052 1158 locus
2067 1095 2096 1176 (ξ
2112 1097 2272 1178 29-31),
2289 1100 2334 1160 ubi

445 1199 485 1262 de
513 1197 621 1262 mundi
642 1195 870 1260 definitionibus
892 1195 1047 1258 disserens
1073 1195 1209 1276 primum
1236 1195 1346 1260 Stoicis
1373 1199 1475 1260 totum
1498 1215 1531 1260 se
1553 1197 1639 1262 dedit
1661 1199 1797 1282 scriptor.
1835 1201 1948 1266 Totum
1972 1205 2107 1268 exscribo
2131 1225 2168 1268 ex
2191 1207 2335 1288 Empori,

445 1310 528 1372 hunc
549 1307 663 1381 locum,
687 1305 739 1386 qui
762 1305 911 1368 auxilium
940 1307 1080 1387 expectat
1108 1307 1140 1368 et
1161 1305 1354 1368 emendaturi
1383 1307 1414 1368 et
1443 1307 1627 1389 interpretis.
1678 1307 1767 1386 Quod
1797 1311 1890 1374 verba
1911 1313 2062 1381 ἐναντιον
2086 1351 2124 1358 -
2153 1315 2334 1396 ὑπολαβεῖν

447 1418 533 1481 uncis
560 1416 794 1498 circumscripsi,
818 1415 940 1478 Reiskio
962 1414 1100 1494 debetur,
1124 1433 1217 1495 quem
1239 1415 1349 1496 probat
1370 1415 1546 1497 Emperius,
1569 1418 1676 1481 sedin
1699 1418 1830 1484 editione
1852 1440 1913 1483 noo
1937 1423 2060 1485 secutus
2084 1427 2141 1486 est.

650 1528 687 1592 τό
710 1535 771 1610 μέν
793 1524 831 1612 δη
853 1531 909 1611 τῆς
930 1517 1053 1602 πόλεως
1074 1522 1185 1605 οὕτως,
1208 1527 1300 1609 ἔφην,
1323 1527 1372 1590 δεῖ
1386 1518 1530 1603 ductam,
1553 1527 1594 1606 ιός
1610 1525 1668 1595 οὐκ
1691 1521 1840 1617 ἄντικρυς
1855 1537 1923 1598 τῶν
1938 1538 2115 1620 εἰρημένων
2129 1533 2188 1600 τόν
2204 1527 2326 1618 κόσμον

648 1637 925 1721 ἀποφαινομένων
947 1635 1047 1701 πόλιν
1069 1635 1232 1709 (ἐναντίον
1253 1635 1316 1722 γάρ
1339 1631 1383 1702 ἂν
1406 1634 1533 1723 ὑπῆρχε
1554 1634 1658 1726 τούτῳ
1680 1637 1725 1727 τῷ
1755 1639 1836 1728 λόγῳ
1864 1638 1900 1706 τό
1922 1653 1995 1730 περὶ
2026 1646 2081 1728 τῆς
2112 1635 2253 1726 πόλεως,
2285 1641 2331 1730 fise,

649 1744 756 1830 δι’σπερ
779 1739 838 1814 οόν
864 1747 966 1819 εἶπον,
989 1743 1135 1830 σύστημα
1159 1740 1351 1833 α’νδρωπων
1372 1743 1541 1833 ιόρίσαντσ
1565 1742 1637 1830 ἅμα
1660 1775 1696 1813 τε
1718 1745 1774 1816 οὐκ
1789 1740 1832 1834 ἧν
1848 1753 1921 1827 ἴσως
1936 1761 2065 1834 πρέπον
2086 1747 2164 1819 οόδὲ
2179 1755 2331 1818 πιθανόν

649 1869 762 1938 κυρίως
779 1853 933 1931 εἰπόντας
955 1855 1040 1920 εἶναι
1052 1851 1108 1920 τόν
1122 1844 1244 1936 κόσμον
1259 1856 1341 1943 ζῷον
1352 1855 1468 1920 ε”πειτα
1486 1853 1624 1937 φάσκειν
1635 1852 1677 1934 δός
1693 1859 1762 1922 ἐστι
1776 1855 1879 1935 πόλις·
1897 1858 1967 1938 (30)
1984 1860 2019 1925 τό
2042 1857 2106 1948 γαρ
2130 1858 2214 1926 adet
2239 1861 2331 1926 πόλιν

650 1993 683 2030 τε
711 1977 766 2030 καὶ
798 1967 879 2054 ζῷον
906 1962 962 2030 οὐκ
991 1961 1035 2029 όν
1064 1965 1157 2046 οἶμαι
1187 1965 1303 2052 ῥᾳδίως
1332 1962 1487 2047 ὑπομένοι
1511 1991 1558 2042 τις
1591 1964 1805 2047 ὑπολαβεῖν),
1833 1965 1920 2033 α’λλα
1945 1969 2001 2051 τὴν
2025 1975 2084 2036 νῦν
2114 1959 2328 2052 διακόσμησιν.

651 2071 792 2156 όπηνέκα
823 2073 972 2170 διῄρηται
1002 2083 1057 2137 καὶ
1083 2084 1271 2160 μεμέρισται
1302 2074 1338 2138 τό
1362 2079 1434 2140 πᾶν
1461 2079 1504 2150 εἱς
1535 2074 1660 2151 πολλός
1681 2101 1773 2154 τινας
1799 2077 1925 2165 μορφᾶς
1947 2082 2061 2160 φυτῶν
2086 2105 2121 2144 τε
2151 2089 2208 2144 καὶ
2241 2068 2329 2166 ζῴων

650 2192 781 2270 θνητῶν
793 2196 848 2250 καὶ
872 2179 1067 2257 α’δανάτων,
1091 2181 1138 2246 tn
1163 2183 1199 2246 δε
1220 2179 1313 2270 α’έρος
1335 2195 1390 2248 καὶ
1412 2187 1468 2267 γῆς
1491 2194 1546 2249 καὶ
1568 2180 1683 2260 ὓδατος
1706 2195 1761 2250 καὶ
1785 2185 1900 2271 πυρός,
1925 2187 1982 2253 νοῦ
2006 2188 2041 2251 δὲ
2064 2179 2162 2271 ἧττον
2183 2189 2327 2270 πεφυκός

649 2297 685 2362 έν
715 2293 819 2360 ἅπασι
848 2290 971 2368 τούτοις
999 2301 1053 2356 καὶ
1081 2291 1144 2378 μιᾷ
1173 2295 1258 2390 ψυχῇ
1295 2301 1349 2356 καὶ
1379 2291 1518 2374 δυνάμει
1548 2291 1749 2375 διεπόμενον,
1783 2291 1932 2381 δμηγέπη
1961 2295 2053 2361 πόλει
2083 2296 2326 2384 προσεικάζουσι

650 2404 706 2470 διδ
729 2403 763 2468 τό
789 2405 917 2486 πλῆθος
943 2401 1006 2466 τῶν
1027 2401 1063 2466 ἐν
1086 2397 1172 2494 αὐτῇ
1195 2410 1395 2482 μιγνυμένων
1418 2412 1529 2467 τεκαὶ
1552 2400 1830 2486 α’πογιγνομένων,
1854 2404 1901 2469 ἔτι
1925 2405 1961 2470 δὲ
1987 2401 2044 2490 τήν
2075 2397 2166 2480 τάξιν
2194 2417 2251 2470 καὶ
2276 2403 2327 2488 ιηἰ·

650 2511 825 2595 ει’κοσμίαν
848 2510 903 2595 της
926 2507 1119 2593 διοικήσεως.
1142 2507 1245 2586 (31)ό
1273 2510 1308 2574 δὲ
1337 2508 1430 2590 λόγος
1457 2501 1547 2586 οὗτος
1577 2510 1723 2598 ἔμβραχυ
1745 2511 1927 2580 ἐσπούδακε
1949 2511 2150 2596 ξυναρμόσαι
2180 2519 2223 2603 τῷ
2247 2523 2324 2598 θείῳ

650 2620 684 2688 τό
707 2612 922 2705 α’νδριόπειον
942 2631 1033 2698 γένος
1054 2628 1108 2682 καῖ
1130 2621 1175 2684 ror
1198 2616 1280 2706 λόγῳ
1303 2622 1496 2707 περιλαβεῖν
1519 2622 1589 2684 πᾶν
1610 2619 1645 2683 τό
1670 2619 1812 2701 λογικόν,

596 2735 698 2811 Atque
721 2731 752 2794 in
775 2729 860 2791 initio
883 2733 989 2790 auctor
1011 2727 1143 2808 priorem
1165 2726 1302 2806 aliquam
1324 2727 1361 2789 de
1383 2726 1500 2790 mundo
1522 2728 1646 2809 respicit
1667 2728 1916 2810 disputationem,
1944 2749 2006 2810 quo
2036 2729 2103 2793 urbi
2126 2731 2189 2794 sive
2212 2731 2324 2793 civitati

442 2863 516 2908 eum
545 2843 679 2906 similem
709 2859 776 2903 esse
805 2839 918 2900 dixisse
948 2836 1087 2902 ridetur:
1125 2836 1207 2916 quod
1233 2856 1317 2899 nuno
1344 2856 1405 2899 non
1435 2837 1560 2918 quidem
1589 2837 1703 2900 falsum
1734 2857 1801 2902 esse
1825 2839 1999 2912 contendit,
2034 2841 2086 2902 sed
2117 2859 2157 2902 ne
2187 2841 2324 2903 absolute

444 2953 520 3034 (oda
536 2951 699 3040 ἄντικρυς)
716 2951 832 3012 dictum
849 2967 915 3011 esse
938 2947 1100 3010 credamus
1123 2949 1236 3011 monet.
1275 2946 1378 3010 Verba
1399 2952 1505 3009 autem
1528 2947 1571 3026 aig
1594 2947 1652 3016 οὐκ
1675 2947 1825 3040 ἄντικρυς
1840 2957 1906 3018 τῶν
1928 2957 2103 3040 εἰρημένων
2128 2948 2184 3017 niv
2207 2953 2324 3035 adapes

442 3065 720 3146 ἀποφαινομένων
761 3051 858 3126 πόλιν
880 3057 1016 3139 Emperii
1046 3059 1129 3133 sunt,
1163 3057 1247 3119 dubii
1274 3076 1351 3120 num
1384 3056 1547 3145 ἡμετέρων
1574 3078 1628 3140 pr0
1656 3067 1830 3148 εἰρημένων
1859 3059 2054 3122 scabendum
2084 3061 2133 3123 sit.
2178 3061 2322 3125 Codicum

440 3174 531 3238 lectio
553 3173 679 3252 vulgata
701 3170 821 3232 videtur
844 3188 910 3231 essa
933 3167 1083 3256 ἄντικρυς
1107 3172 1172 3235 τῶν
1193 3164 1313 3256 ἥμερον
1332 3170 1415 3258 ζῴον
1435 3169 1493 3234 τόν
1512 3167 1628 3251 κόσμον
1643 3166 1920 3252 οἷποφαινομένων
1941 3161 2088 3256 indiae.
2119 3171 2324 3234 Meernranui-

442 3301 521 3344 enus
552 3281 699 3368 ἄντικρυς
726 3286 791 3345 τοῖν
819 3279 947 3366 ἡμερῶν
969 3276 1026 3345 τόν
1046 3271 1167 3361 κόσμον
1195 3276 1473 3362 ἀποφαινομένων
1501 3268 1599 3346 πόλιν
1622 3278 1756 3358 praebet.
1801 3282 1903 3359 Atque
1931 3281 2036 3342 sensui
2065 3283 2148 3342 certe
2178 3281 2322 3342 anteierit

442 3391 615 3474 Emperius‚
639 3391 726 3454 cuius
758 3390 823 3458 τῶν
846 3395 1020 3476 εἰρημένων
1049 3387 1228 3468 probarem,
1263 3387 1289 3449 si
1325 3387 1522 3469 praecederet
1549 3387 1694 3450 continua
1730 3390 1966 3468 argumentatio.
2021 3391 2185 3453 Antecedit
2220 3397 2321 3452 autem

442 3501 542 3584 lepida
564 3501 601 3563 de
624 3500 791 3562 Hierosone
813 3498 958 3572 narratio,
982 3497 1034 3577 qui
1064 3497 1172 3559 leviter
1201 3496 1417 3580 proludentem
1446 3497 1579 3560 Dionem
1614 3497 1830 3580 interruperat.
1875 3499 2001 3562 Accedit
2029 3499 2110 3579 quod
2144 3500 2226 3580 origo
2263 3499 2319 3560 vitii

442 3611 599 3675 obscurior
629 3615 684 3686 est,
719 3628 797 3690 quas
828 3609 942 3689 optime
970 3607 1179 3689 perspiciatur,
1213 3608 1239 3670 si
1267 3607 1398 3669 Dionem
1429 3607 1584 3688 scripsisse
1616 3609 1794 3688 putabimus
1816 3605 1857 3686 cir
1880 3607 1939 3676 ουίι
1961 3608 2112 3698 ἄντικρυς
2134 3609 2243 3694 ἡμῶν
2269 3609 2321 3675 τόν

440 3714 558 3806 κόσμον
572 3720 850 3804 α’ποφαινομένων
866 3719 973 3784 πόλιν.
1012 3717 1112 3780 Simul
1129 3719 1160 3778 et
1174 3717 1374 3798 propaginem
1390 3717 1453 3779 vitii
1469 3717 1677 3796 intellegimus
1693 3720 1724 3780 et
1739 3718 1838 3780 multo
1853 3721 2012 3798 praestare
2035 3719 2179 3798 vulgatae
2202 3719 2320 3780 lectioni

440 3829 740 3894 Meermannianum.
778 3827 815 3890 In
839 3828 896 3890 hoc
917 3827 1001 3890 enim
1023 3846 1058 3889 ex
1081 3825 1193 3889 leviore
1217 3824 1308 3912 ἡμῶν
1329 3825 1360 3887 in
1385 3824 1509 3914 ἡμερῶν
1532 3829 1704 3908 corruptela
1726 3834 1791 3895 τῶν
1813 3825 1939 3916 ἡμερῶν
1961 3829 2078 3890 exstitit
2100 3829 2118 3892 i.
2136 3847 2159 3890 e.
2177 3847 2319 3890 mansue·

439 3946 543 4005 torum
559 3940 642 4003 urbs.
665 3938 841 4020 adsumpta
856 3937 999 4017 sequenti
1015 3936 1190 3999 definitione
1203 3934 1540 4018 (munduszanimal)
1557 3937 1617 4000 duo
1630 3937 1660 4000 in
1672 3939 1798 4018 uulgata
1817 3939 2023 4000 nascebantur
2036 3938 2177 4026 ipseper:
2206 3933 2320 4024 ἥμεροι·

440 4053 521 4142 ζῷον
544 4053 575 4114 ct
598 4050 702 4126 πόλις,
726 4067 802 4128 quos
825 4047 955 4127 denique
979 4047 1085 4108 addita
1106 4045 1128 4131 ἢ
1150 4046 1301 4127 particula
1323 4045 1535 4126 seiungebant.

593 4159 654 4222 Sed
686 4177 769 4221 nunc
802 4157 969 4232 rideamne,
1003 4175 1080 4220 num
1102 4175 1139 4218 ea
1161 4155 1324 4237 superioris
1353 4157 1547 4237 expositionis
1569 4160 1664 4238 parte,
1688 4157 1839 4237 adquam
1869 4159 1945 4222 haec
1968 4159 2060 4222 verba
2084 4159 2231 4221 adnexuit
2254 4159 2318 4220 Dio.

439 4273 554 4352 opertis
575 4267 677 4333 verbis
700 4268 855 4331 civitatem
879 4267 941 4330 sire
963 4267 1071 4330 urbem
1094 4284 1160 4329 esse
1184 4266 1338 4328 mundum
1367 4267 1485 4329 dixerit.
1544 4267 1613 4329 Non
1647 4267 1722 4328 dixit
1751 4285 1850 4347 neque
1883 4269 1983 4349 potuit
2010 4268 2109 4332 dicere
2133 4273 2246 4342 orator,
2270 4267 2318 4348 qui

438 4381 475 4442 cle
505 4381 589 4458 urbe,
623 4399 684 4442 non
714 4377 752 4440 de
774 4377 890 4440 mundo
917 4377 1150 4439 contionaturus
1172 4375 1328 4457 prodierat
1357 4376 1394 4437 ad
1417 4375 1663 4457 Borysthenitas.
1700 4377 1747 4439 De
1771 4377 1844 4439 urbe
1874 4379 1957 4440 enim
1980 4378 2118 4441 dicturus
2146 4378 2317 4460 Phocplidis

438 4509 543 4553 versus
566 4489 818 4572 pronuntiaverat
849 4487 883 4569 (ξ
908 4488 970 4564 13),
994 4487 1031 4549 de
1055 4487 1129 4549 urbe
1157 4505 1189 4548 se
1212 4485 1368 4550 dicturum
1395 4505 1461 4549 esse
1484 4484 1506 4570 ξ
1533 4487 1570 4548 18
1601 4487 1741 4567 promisit
1763 4491 1802 4562 et,
1826 4490 1862 4549 ut
1877 4489 1926 4550 via
1949 4507 1985 4550 ao
2000 4489 2117 4552 ratione
2133 4489 2317 4570 procederet.

437 4601 572 4682 primum
603 4597 677 4678 quid
706 4599 746 4660 sit
775 4599 848 4660 urbs
876 4596 1016 4677 quaesiit.
1059 4595 1152 4658 Illam
1181 4596 1276 4674 igitur
1304 4595 1441 4658 definivit
1467 4595 1489 4676 ξ
1513 4597 1568 4660 2οε
1600 4595 1700 4676 οὕτως
1730 4591 1787 4666 οὖν
1816 4612 1871 4664 καῖ
1899 4600 1959 4686 τήν
1987 4599 2087 4666 πόλιν
2108 4611 2209 4680 φασὶν
2237 4601 2317 4664 εἶναι

437 4714 566 4795 πλῆθος
588 4709 780 4795 ἄνδρωπων
802 4709 839 4774 ἐν
859 4705 970 4796 ταύτῷ
986 4706 1224 4773 κατοικούντων
1246 4704 1309 4772 ὑπό
1334 4706 1433 4790 νόμου
1455 4708 1686 4790 διοικούμενον.
1733 4707 1827 4772 Cuius
1844 4708 2029 4771 definitionis
2045 4707 2228 4788 gravissima
2250 4726 2317 4789 pars.

436 4820 611 4882 continetur
634 4817 734 4880 verbis
757 4817 821 4885 ὖπό
852 4817 950 4900 νόμον
973 4817 1206 4900 διοικούμενον.
1251 4816 1342 4880 Unde
1373 4817 1513 4896 sequitur
1541 4821 1577 4880 ut
1605 4818 1678 4880 urbs
1706 4821 1811 4880 mente
1842 4837 1950 4880 carens
1973 4836 2034 4879 non
2058 4817 2099 4879 sit
2120 4817 2204 4886 urbs.
2253 4819 2316 4880 Iam

436 4949 506 4992 vero
529 4929 694 5009 quaeritur,
711 4927 785 5008 quid
802 4927 839 4988 de
857 4944 892 4989 ea
908 4927 983 4989 urbe
998 4925 1199 4989 iudicandum
1215 4926 1264 5002 sit,
1290 4926 1376 4988 cuius
1399 4928 1531 4989 rectores
1554 4928 1672 4990 ratione
1689 4928 1820 5008 praediti
1843 4929 1913 5000 sint,
1930 4925 2041 4989 defecti
2064 4927 2091 4990 ei
2103 4946 2180 5006 quos
2197 4935 2316 5008 regunt.

436 5039 591 5101 Nimirum
601 5039 806 5118 haecquoque
815 5037 899 5099 urbis
911 5037 1035 5099 nomine
1048 5035 1205 5116 dignaest.
1228 5035 1312 5098 Nam
1325 5054 1394 5098 eam
1406 5036 1436 5100 in
1449 5037 1539 5099 terris
1548 5037 1663 5100 frustra
1672 5056 1811 5119 quaeres
1820 5038 1908 5100 cuius
1920 5055 2028 5100 omues
2040 5039 2143 5119 partes
2155 5039 2317 5101 rationales

436 5149 505 5210 sint.
529 5149 602 5210 Tale
618 5147 749 5210 civitatis
766 5146 942 5228 exemplum
958 5145 1086 5209 deorum
1101 5147 1225 5207 tantum
1241 5146 1320 5208 inter
1335 5165 1367 5208 se
1383 5147 1601 5210 commercium
1617 5149 1752 5229 praebet.
1791 5147 1854 5210 Nos
1871 5151 1976 5210 autem
1992 5166 2047 5230 pro
2059 5148 2216 5212 humanae
2229 5149 2317 5212 sortis

434 5259 610 5322 condicione
626 5258 761 5320 contenti
784 5257 908 5332 erimus
931 5257 957 5319 si
979 5256 1060 5318 inter
1082 5258 1225 5336 corrupta
1247 5256 1350 5318 omnia
1372 5275 1470 5319 unum
1492 5257 1596 5320 minus
1611 5261 1772 5339 corruptae
1796 5259 1879 5321 urbis
1902 5259 2080 5340 exemplum
2095 5259 2315 5322 invenerimus.

585 5367 680 5430 Vides
702 5369 734 5431 in
757 5369 815 5430 hac
837 5368 960 5428 austera
982 5366 1111 5428 humani
1133 5365 1288 5445 divinique
1312 5366 1499 5447 oppositione
1520 5367 1625 5429 locum
1647 5386 1708 5429 non
1731 5385 1798 5431 esse
1821 5369 1887 5431 eius
1912 5367 2054 5440 civitatis,
2078 5387 2156 5448 quae
2179 5367 2317 5431 humana

432 5483 466 5542 et
488 5477 590 5540 divina
612 5477 649 5539 ad
665 5477 789 5541 maioris
809 5477 1025 5557 „systematis“
1051 5475 1203 5538 unitatem
1225 5475 1391 5555 coniungit
1443 5476 1559 5538 Tamen
1583 5477 1713 5558 scriptor
1736 5477 1832 5540 futuri
1854 5477 1998 5558 providus
2022 5477 2116 5540 etiam
2138 5478 2233 5540 huius
2249 5479 2318 5542 oiri·
