4882 6614
1012 917 1212 1012 *1¹-

167 1120 399 1184 enuntiatorum
421 1117 521 1200 paria:
546 1121 693 1201 λειφδεῐς
717 1154 758 1164 -
783 1117 880 1201 μόνος
900 1141 943 1170 =
957 1117 1059 1186 τόπον
1082 1153 1123 1163 -
1146 1109 1327 1206 ἐμπλήσας,
1351 1116 1451 1196 aihta
1475 1116 1850 1204 πεφυκάςτπανναχη
1872 1127 2059 1200 κεχυμένος,

168 1230 302 1308 addenda
321 1265 359 1274 —
381 1233 574 1312 λειφθέντος
587 1251 630 1279 =
653 1225 741 1294 α’λλοὶ
766 1261 804 1272 -
827 1223 1016 1313 μανότητος.
1069 1226 1189 1292 Deinde
1212 1245 1260 1290 res
1279 1227 1346 1308 ipsa
1365 1225 1462 1290 talem
1486 1227 1672 1290 senteutiam
1702 1225 1840 1306 requirit,
1874 1243 1953 1305 qnae
1975 1225 2055 1288 iuter

167 1337 275 1402 laudes
297 1355 420 1402 summo
443 1337 563 1400 numiui
585 1336 757 1416 adtributas
780 1337 851 1417 apte
872 1336 1036 1402 inseratur.
1073 1340 1178 1417 Atque
1193 1355 1265 1400 oum
1280 1335 1415 1400 secundo
1431 1337 1541 1416 quarto
1557 1338 1641 1400 serto
1657 1335 1721 1398 colo
1744 1335 1880 1398 numinis
1901 1334 2055 1398 immensa

167 1448 313 1512 efferatur
339 1446 527 1530 propagatio,
553 1446 652 1527 primo
679 1447 711 1508 et
733 1445 841 1525 quinto
869 1445 934 1509 eius
956 1447 1083 1529 puritas,
1115 1447 1294 1528 syllogismo
1316 1445 1379 1510 fere
1401 1445 1622 1510 mathematico
1651 1443 1790 1509 concludi
1818 1445 2053 1526 potestatium

167 1559 260 1622 tertio
288 1557 352 1620 colo
379 1556 429 1636 agi
455 1555 493 1619 de
518 1555 633 1618 mentis
664 1555 868 1636 simpHoitate.
918 1555 1019 1638 Igitur
1055 1557 1153 1636 αὐτὸς
1187 1558 1334 1642 πεφυκώς
1364 1555 1459 1637 „ipsc
1486 1555 1504 1620 'n
1528 1575 1554 1620 e.
1589 1573 1684 1638 purus
1713 1553 1841 1618 factus“
1871 1553 1950 1618 bene
1979 1555 2054 1618 mihi

168 1666 328 1732 videbatur
349 1665 460 1748 opponi
488 1666 532 1756 τῷ
561 1664 734 1753 ,πανταχῆ
757 1669 957 1751 κεχυμένος“.
1008 1665 1096 1730 Addo
1124 1664 1240 1745 ἅπλῶς
1270 1683 1381 1748 puram
1412 1684 1478 1728 esse
1505 1667 1644 1730 mentem
1675 1664 1733 1728 hoc
1756 1667 1880 1727 tautum
1904 1666 2052 1747 temporis

167 1778 335 1840 momento.
389 1774 465 1838 Post
495 1774 602 1838 muudi
634 1773 717 1838 enim
745 1773 931 1838 creationem
959 1795 1076 1840 numen
1106 1776 1245 1840 divinum
1274 1777 1305 1839 in
1332 1775 1496 1840 vihesimas
1529 1793 1651 1858 quoque
1685 1793 1717 1838 se
1750 1775 1911 1838 insinuans
1940 1773 2054 1839 formas

168 1886 297 1970 pristina
318 1884 494 1948 sinceritate
517 1884 637 1964 seipse
660 1884 750 1949 eruit.

322 2027 470 2108 Sequitur
502 2027 722 2109 palingenesia‚
745 2025 782 2090 de
805 2027 892 2091 euius
915 2027 1000 2091 initio
1030 2029 1092 2091 iam
1114 2028 1175 2092 dixi
1204 2029 1302 2091 menti
1325 2045 1420 2108 purae
1443 2045 1497 2108 per
1523 2044 1630 2088 omnes
1658 2025 1791 2090 universi
1814 2033 1917 2110 partes
1941 2029 2055 2094 effusae

167 2138 354 2204 desiderium
376 2138 461 2200 nasei
483 2137 631 2219 pristinae
654 2135 894 2215 gubernationis.
940 2137 1029 2200 Idem
1051 2139 1213 2218 sequentia
1236 2137 1408 2200 accuratius
1432 2139 1603 2218 exponunt:

371 2249 476 2334 λ’ροπα
498 2243 537 2332 δη“
561 2247 673 2325 λαβών
704 2252 758 2333 τῆς
780 2243 972 2333 ἡνιοχήσεως
994 2249 1116 2334 ἐκείνης
1138 2261 1193 2314 καῖ
1216 2245 1316 2336 άρχῆς
1338 2259 1393 2314 καὶ
1411 2247 1564 2331 ὁμονοίας
1586 2247 1642 2314 τόν
1665 2275 1696 2312 τε
1726 2252 1792 2314 τῶν
1814 2253 1909 2336 τριῶν
1930 2249 2054 2332 φύσεων

371 2367 425 2423 καὶ
447 2355 542 2441 ἡλίου
564 2367 618 2422 καὶ
641 2353 773 2443 σελήνης
794 2365 849 2421 καὶ
871 2355 937 2422 τῶν
960 2354 1070 2424 ἄλλων
1084 2354 1212 2444 ἄστρων
1233 2355 1394 2425 duduco
1410 2383 1441 2422 τε
1461 2353 1573 2434 άπλῶς
1589 2354 1677 2446 ζηῐων
1700 2367 1754 2422 καὶ
1775 2363 1893 2440 φυτῶν,
1910 2355 2054 2443 ὥρμησεν

370 2469 425 2532 lui
463 2467 497 2532 τό
527 2471 647 2546 γεννᾶν
677 2477 731 2531 καὶ
761 2465 927 2549 διανέμειν
962 2471 1085 2531 ἕκαστα
1118 2477 1173 2530 καὶ
1209 2469 1414 2553 δημιουργεῖν
1443 2467 1498 2534 τόν
1526 2461 1606 2532 ὄντα
1643 2471 1703 2534 νῦν
1733 2463 1864 2550 κόσμον,
1893 2469 1929 2544 ἐξ
1956 2464 2054 2556 άρχῆς

372 2577 456 2642 πολύ
479 2589 608 2662 κρείττω
631 2587 687 2640 καὶ
710 2565 935 2663 λαμπρότερον
959 2572 1015 2639 ἅτε
1039 2574 1202 2662 νεώτερον,

320 2718 414 2780 Vides
426 2721 565 2782 mentem
577 2719 810 2800 parturientem,
828 2719 883 2780 sed
896 2718 1034 2782 nondum
1056 2719 1238 2800 parientem.
1266 2717 1373 2798 Ipsum
1390 2720 1515 2798 partum
1530 2717 1605 2779 haec
1628 2718 1721 2780 verba
1743 2717 1965 2804 describunt(§
1978 2720 2051 2806 56)ι

372 2824 549 2916 άστράψας
574 2830 607 2894 δὲ
633 2824 711 2896 δ’λον
733 2825 790 2896 oriz
820 2827 964 2896 ἄτακτον
992 2827 1066 2896 adde
1089 2829 1245 2916 ῥυπαράν
1273 2825 1459 2914 άστραπήν,
1490 2829 1544 2892 οἵα
1575 2823 1619 2894 dv
1639 2838 1798 2915 χειμέριος
1824 2829 2053 2913 ἐλαυνομένων

370 2939 557 3025 βιαιότεροι·
580 2940 739 3016 πολλάκις
764 2945 827 3005 τῶν
850 2946 956 3022 νεφῶν
977 2941 1097 3036 διῇξεν,
1119 2939 1203 3006 ailad
1231 2936 1391 3023 καθαράν
1414 2947 1467 3001 καὶ
1491 2935 1594 3024 άμιγῆ
1616 2923 1739 3014 παντὸς
1761 2939 1939 3014 σκοτεινοῦ,
1962 2952 2052 3023 μετέ-

370 3051 455 3126 βαλε
490 3049 609 3138 ῥᾳδίως
636 3043 706 3128 ἅμα
737 3049 777 3146 τῇ
798 3047 914 3134 νοήσει.
941 3057 1100 3136 μνησθεὶς
1130 3051 1166 3116 δὲ
1194 3047 1373 3137 Ἀφροδίτης
1401 3057 1457 3111 καῖ
1488 3057 1640 3128 γενέσεως
1676 3043 1822 3131 ἐπράυνε
1851 3059 1905 3114 καλ
1934 3047 2052 3136 άνῆκεν

372 3152 473 3224 odedu
494 3167 550 3224 καῖ
574 3155 660 3224 πολυ
685 3162 741 3225 τοῦ
763 3157 868 3240 φωτός
890 3157 1079 3236 άποσβέσας
1101 3165 1144 3236 είς
1167 3154 1251 3242 άίρα
1278 3155 1413 3245 πυριδδη
1436 3168 1590 3242 τρέπεται
1616 3157 1718 3246 πυράς
1739 3153 1847 3242 η’πίου.

320 3299 433 3362 Insunt
454 3299 486 3362 in
509 3300 567 3362 heo
589 3300 803 3382 descriptionis
825 3303 912 3382 parte
936 3300 1142 3375 difficultates,
1166 3317 1243 3379 quas
1265 3318 1327 3362 uon
1350 3298 1427 3362 mihi
1449 3298 1554 3361 videor
1575 3297 1666 3380 plane
1695 3299 1871 3364 removisse.
1922 3300 2052 3366 Constat

167 3410 250 3472 enirn
273 3427 308 3472 ex
331 3409 594 3472 consentientibus
617 3409 653 3470 de
677 3411 735 3472 hac
756 3429 788 3472 re
812 3409 995 3474 testimoniis
1013 3412 1036 3492 ¹)
1057 3411 1101 3474 ita
1122 3409 1284 3492 procedere
1306 3407 1559 3491 palingenesiam,
1583 3412 1619 3469 ut
1639 3407 1775 3489 primum
1799 3408 1906 3474 aether
1933 3411 2050 3494 (mens)

167 3520 199 3581 in
220 3536 333 3590 aerem,
359 3517 468 3581 deinde
484 3537 537 3582 aer
556 3519 586 3580 iu
612 3536 725 3598 aquam
741 3521 890 3593 mutetur,
912 3538 948 3582 ex
968 3539 1030 3600 qus
1051 3523 1154 3584 cetera
1169 3521 1346 3582 nascautur.
1391 3517 1538 3582 tonsores
1561 3537 1585 3581 e.
1603 3536 1631 3596 g.
1648 3517 1820 3598 Diogenem
1841 3517 2049 3604 Laertium22)

166 3637 318 3710 γίνεσθαι
343 3630 379 3694 δὲ
401 3629 458 3695 τὸν
479 3627 607 3711 κόσμον,
630 3623 714 3696 ὅταν
736 3631 772 3695 ἐκ
795 3631 896 3719 πυράς
921 3629 940 3716 ἡ
963 3627 1058 3698 ου’σία
1082 3635 1191 3725 τραπῇ
1212 3631 1255 3696 δι’
1278 3628 1371 3718 άίρος
1393 3635 1437 3706 εἰς
1461 3625 1566 3716 ὑγρόν,
1588 3626 1660 3693 εἶτα
1685 3628 1719 3693 τὸ
1743 3637 1926 3718 παχυμερὲς
1948 3629 2051 3698 αὐτοῦ

167 3738 285 3805 συστάν
307 3734 519 3834 άποτελεσίίῇ
540 3744 588 3824 γῆ,
613 3736 647 3804 κδ
671 3740 706 3804 δὲ
731 3743 924 3826 λεπτομερὲς
939 3741 1110 3836 ἐξαερωθῇ
1132 3749 1185 3804 καὶ
1206 3739 1293 3806 τοῦτ’
1317 3739 1372 3804 ἐπὶ
1401 3741 1504 3803 πλίου
1531 3739 1719 3804 λεπτυνθὲν
1747 3742 1813 3824 πῦρ
1835 3735 2050 3839 άπογεννήση·

166 3849 238 3911 εἶτα
261 3843 348 3911 κατά
370 3851 459 3928 μῖξιν
481 3849 517 3912 ἐκ
541 3847 661 3914 τούτων
682 3849 769 3930 φυτά
786 3859 888 3915 τεκαῐ
902 3851 1031 3940 ζηῑακαῐ
1054 3847 1096 3914 τά
1107 3847 1197 3916 ἄλλα
1211 3861 1297 3936 γένη.
1331 3846 1558 3909 T⁰tuml⁰0bm
1576 3846 1729 3928 (discripsi,
1746 3847 1782 3908 ut
1798 3847 1899 3909 videas
1916 3847 2050 3928 primum

167 3975 234 4019 esse
254 3955 466 4036 cosmogoniae
482 3956 570 4035 quasi
586 3957 690 4018 ectum
712 3958 825 4019 mentis
848 3958 878 4020 in
902 3975 1006 4022 aerem
1021 3959 1250 4021 conversionem
1271 3955 1408 4036 nihilque
1430 3955 1621 4038 praecedere.
1659 3955 1834 4019 Praenussa
1849 3961 1953 4020 autem
1968 3957 2051 4021 vide-

166 4073 218 4128 tur
237 4064 368 4128 aDioue
390 4067 421 4128 et
435 4065 567 4128 mutatio
583 4066 696 4146 abque,
715 4067 802 4129 ouius
814 4071 927 4130 natura
948 4068 1121 4131 accuratius
1141 4086 1201 4130 non
1218 4066 1400 4130 describitur
1421 4065 1627 4151 (μετέβαλε),
1651 4069 1683 4129 et
1696 4065 1848 4146 mitigatio
1865 4067 2047 4157 (ἐπράυνε).

168 4175 235 4239 Noli
257 4178 362 4238 tamen
385 4175 508 4238 credere
531 4175 588 4238 hoo
610 4193 629 4238 a
651 4175 749 4239 Dione
772 4180 920 4240 novatum
944 4197 1010 4242 esse
1026 4178 1133 4240 contra
1156 4176 1282 4240 Stoicos.
1320 4176 1421 4238 Immo
1437 4175 1495 4238 Dio
1510 4194 1632 4256 quoque
1647 4175 1717 4239 iude
1733 4195 1751 4238 a
1767 4177 1858 4239 uerbo
1874 4173 2049 4266 ἆστράψας

168 4288 205 4348 «le
228 4286 328 4367 primo
350 4285 404 4348 illa
427 4285 506 4364 iguis
529 4285 560 4347 iu
584 4302 687 4348 aerem
717 4287 890 4351 mutatione
921 4287 1074 4368 disputat,
1106 4287 1294 4360 ituantem,
1320 4291 1353 4349 ut
1388 4289 1436 4348 ter
1458 4305 1528 4348 eam
1555 4285 1641 4348 uobis
1671 4287 1884 4366 repraesentet
1911 4286 1959 4350 vel
1986 4290 2048 4350 tres

166 4397 257 4460 imius
280 4395 408 4459 actionis
429 4397 533 4477 partes
556 4399 715 4477 proponet,
739 4413 818 4476 quae
840 4397 941 4460 verbis
966 4399 1090 4460 tautum
1120 4397 1276 4478 segregari
1297 4397 1437 4477 possunt,
1465 4414 1537 4458 cum
1565 4413 1598 4458 re
1627 4396 1695 4476 ipsa
1724 4395 1878 4458 artissime
1908 4395 1988 4460 inter
2015 4417 2047 4460 se

165 4507 366 4572 cohaereant:
389 4523 478 4568 mens
494 4505 577 4568 euim
593 4505 625 4567 in
648 4525 751 4569 aerem
775 4507 928 4570 transiens
950 4511 982 4571 et
1004 4509 1145 4568 mutatur
1166 4508 1198 4568 et
1212 4505 1373 4586 mitigatur
1396 4509 1427 4568 et
1452 4506 1483 4566 iu
1507 4522 1610 4568 aerem
1636 4505 1772 4568 vertitur.
1807 4505 1922 4586 Negari
1943 4511 2046 4570 numm

166 4617 274 4697 nequit
295 4615 484 4680 senteutiam
506 4615 690 4696 apertiorem
713 4615 851 4678 buturum
874 4615 979 4693 fnisse,
1003 4617 1029 4680 si
1051 4615 1225 4698 scripsisset
1247 4615 1305 4678 Dio
1326 4622 1484 4701 μνησθεὶς
1506 4613 1603 4705 γάρ,
1633 4633 1694 4677 nou
1724 4625 1880 4700 μνησθεὶς
1902 4618 1947 4682 dl.
1999 4615 2047 4679 lta

165 4725 326 4807 sequeutia
348 4725 509 4788 enuntiata
536 4742 687 4806 suspensa
712 4723 835 4788 fecisset
862 4745 880 4788 a
908 4727 1017 4808 priore.
1069 4725 1229 4790 Noluerim
1261 4727 1367 4788 eutem
1397 4727 1519 4788 mutare
1546 4725 1627 4788 hanc
1655 4724 1810 4800 voculam,
1841 4743 1918 4805 quae
1947 4729 2047 4808 magis

165 4836 293 4898 fortasse
320 4835 437 4916 placuit
457 4833 557 4912 Dioni,
588 4835 676 4898 cuins
713 4835 743 4896 iu
774 4835 832 4898 hac
862 4836 1006 4898 orationis
1033 4837 1121 4917 parte
1151 4853 1251 4898 sermo
1274 4838 1306 4896 et
1334 4835 1453 4898 solutus
1485 4836 1516 4896 ot
1545 4833 1645 4897 elatus
1676 4835 1793 4898 redolet
1820 4835 2047 4915 quodammodo

164 4947 342 5009 nostrorum
370 4943 648 5007 ecclesiasticorum
671 4945 835 5008 dictionem
858 4945 994 5027 opimam
1025 4947 1057 5007 et
1078 4943 1298 5008 abundantem.
1337 4944 1406 5007 Duo
1426 4946 1588 5027 praeterea
1611 4945 1774 5022 adnotabo,
1797 4963 1858 5008 non
1881 4943 2044 5025 explicabo.

166 5056 305 5118 Primum
328 5055 386 5118 hoc
408 5057 463 5117 est
515 5053 631 5117 Mirum
652 5055 784 5118 fortasse
813 5073 876 5116 uon
899 5057 947 5117 est
973 5057 1111 5118 mentem
1135 5054 1210 5117 dum
1237 5055 1302 5136 agit
1332 5053 1466 5135 ludgere,
1497 5054 1577 5134 ignis
1605 5053 1688 5116 enim
1718 5056 1773 5116 est.
1819 5053 1935 5116 Tamen
1968 5053 2047 5117 latet

164 5167 296 5230 sonasse
319 5165 376 5227 sub
404 5164 452 5226 his
479 5163 581 5226 verbis
610 5164 780 5228 frustulum
813 5163 933 5227 Stoicae
962 5165 1128 5238 doctrinae,
1152 5165 1240 5226 ouius
1269 5183 1319 5226 me
1346 5163 1426 5245 sugit
1453 5165 1569 5228 notitia.
1617 5163 1735 5226 Deinde
1769 5164 1882 5240 omnia,
1906 5165 2045 5244 quaeda

317 5433 339 5502 ¹)
356 5435 387 5486 cl.
406 5432 488 5486 Zeller
504 5433 522 5486 1.
541 5449 562 5486 o.
582 5433 631 5486 149
648 5431 706 5486 adn.
726 5434 750 5486 5.

316 5519 339 5585 ²)
357 5517 388 5572 cl.
407 5515 478 5582 vul,
493 5517 541 5569 142
559 5534 583 5586 p.
604 5515 696 5582 189,40
713 5515 801 5570 Cobet.
