4882 6614
1370 831 1390 890 4

1279 917 1480 926 —-———

443 1042 516 1120 περὶ
539 1031 574 1098 τό
596 1044 703 1116 μέσον,
726 1031 762 1097 τό
786 1033 822 1099 δὲ
846 1032 1017 1117 ὑπομένον·
1041 1024 1291 1120 περιφερόμενον
1312 1042 1374 1117 μὲν
1397 1034 1454 1100 τόν
1476 1037 1608 1121 αἰθέρα·
1640 1049 1729 1112 porro
1759 1029 1797 1093 de
1827 1029 1936 1094 eadem
1957 1030 2092 1110 legimus
2114 1034 2182 1099 τόν
2206 1039 2334 1117 αἰθέρα

441 1139 644 1226 ἀραιότατον
663 1137 745 1206 όντα
767 1153 822 1208 καὶ
843 1146 1122 1227 εἰλικρινέστατον.
1166 1141 1259 1204 Nunc
1280 1141 1427 1218 conteras,
1451 1160 1530 1223 quae
1553 1141 1589 1204 de
1613 1159 1692 1220 equo
1713 1141 1812 1222 primo
1834 1141 1892 1204 Dio
1915 1141 1946 1224 (ᾖ
1969 1141 2023 1224 43)
2045 1142 2234 1223 praedicet:

645 1263 726 1334 φασὶ
748 1252 816 1321 τῶν
836 1257 950 1319 ἵππων
972 1253 1031 1320 τόν
1054 1259 1181 1340 πρῶτον
1203 1250 1336 1320 ἄνωθεν
1355 1252 1480 1340 α’πείρφ
1504 1256 1670 1337 διαφέρειν
1689 1244 1803 1318 ιιᾶλλει
1825 1279 1861 1318 τε
1875 1263 1930 1319 καὶ
1944 1259 2077 1336 μεγέθει
2093 1265 2150 1320 καὶ
2169 1260 2333 1340 ταχυτῇτι

643 1355 700 1426 διε
722 1361 854 1438 ἔξωθεν
876 1373 1110 1451 περιτρέχοντα
1133 1364 1168 1430 τό
1190 1354 1339 1450 μήκιστον
1361 1368 1417 1430 τοῦ
1439 1353 1570 1448 δρόμου,
1594 1361 1699 1429 αὐτοῦ
1714 1363 1815 1446 Ζηνός
1838 1362 1933 1448 ἱερόν·
1957 1353 2079 1448 πτηνόν
2093 1365 2129 1430 δὲ
2145 1365 2257 1436 εἶναι,
2282 1365 2337 1448 τὴν

598 1466 603 1474 ’
643 1473 678 1538 δὲ
700 1463 801 1558 χρόαν
821 1472 982 1560 λαμπρόν,
1007 1470 1106 1562 αὐγῆς
1128 1480 1185 1561 τῆς
1208 1465 1458 1562 καθαρωτάτης.

440 1580 534 1643 habes
550 1583 581 1643 et
595 1581 758 1662 physicum
774 1584 805 1643 et
826 1583 959 1662 poetam,
982 1581 1020 1644 de
1044 1582 1150 1644 eodem
1173 1581 1328 1646 dicentem
1350 1586 1528 1663 utrumque.
1556 1582 1710 1646 Nimirum
1726 1582 1825 1662 fulget
1839 1583 1952 1658 aether,
1968 1583 2006 1646 ab
2026 1583 2099 1648 orbe
2113 1583 2334 1665 progredienti

440 1690 479 1753 ad
502 1693 644 1754 centrum
666 1691 785 1773 primus
807 1693 863 1768 est,
886 1691 1074 1754 extrinsecus
1097 1695 1216 1756 ceteras
1239 1693 1349 1756 mundi
1371 1696 1475 1776 partes
1497 1692 1643 1766 includit;
1666 1693 1879 1772 magnitudine
1901 1693 1996 1774 igitur
2018 1712 2071 1757 eas
2093 1697 2246 1776 superat,
2278 1712 2332 1756 nec

440 1820 502 1865 non
524 1803 690 1878 eeleritate,
713 1819 788 1864 nam
809 1801 882 1864 soris
905 1801 1113 1866 circumvolat.
1158 1802 1348 1867 Purissimus
1371 1807 1428 1868 est.
1472 1803 1578 1884 Pergit
1600 1803 1672 1868 Dio:

642 1913 700 1980 τόν
721 1915 756 1980 δὲ
770 1911 890 1980 Ἥλιον
912 1914 949 1980 ἓν
970 1910 1060 2002 αὐτῷ
1082 1927 1137 1979 ναὶ
1159 1916 1220 2000 τήν
1242 1913 1382 2001 Σελήνην
1404 1931 1520 1999 σημεῖα
1543 1919 1698 2001 προφανῆ
1719 1911 1875 2001 δρᾶσθαι,
1897 1910 2004 2001 ὅσπερ
2024 1915 2116 1998 οἶμαι
2139 1927 2199 1982 καῖ
2226 1917 2330 1981 vanae

641 2024 708 2090 τῶν
729 2027 843 2090 ἵππων
864 2023 931 2090 ἔστι
953 2037 1077 2108 σημεῖα,
1100 2025 1141 2089 τά
1165 2033 1225 2108 μὲν
1246 2025 1408 2110 μηνοειδῆ,
1431 2024 1473 2089 erl
1497 2024 1531 2090 δὲ
1555 2021 1680 2088 α’λλοῑα.
1705 2021 1741 2106 (ξ
1753 2022 1807 2104 44)
1823 2029 1928 2090 ταῦτα
1945 2027 1980 2090 δὲ
1995 2021 2048 2108 ὑφ’
2063 2023 2157 2109 ἡμῶν
2173 2023 2330 2112 δρᾶσθαι

642 2146 915 2223 συνεστραμμένα,
939 2129 1100 2223 καθάπερ
1121 2134 1158 2200 όν
1181 2132 1263 2234 αὐγῇ
1284 2137 1424 2223 λαμπρᾷ
1445 2135 1560 2216 φλογός
1582 2134 1767 2222 σπινθῆρας
1789 2134 1934 2222 ἰσχυροδς
1955 2136 2162 2214 διαθέοντας.
2185 2137 2284 2202 ι’δίαν
2297 2137 2330 2201 δὲ

642 2257 762 2327 κίνησιν
788 2243 873 2326 ἔχειν
902 2249 983 2309 καθ’
1011 2241 1110 2311 αὑτά·
1139 2255 1193 2309 καὶ
1221 2237 1327 2309 τοῗλλα
1358 2241 1462 2330 ἄστρα
1489 2246 1530 2309 δι’
1553 2244 1676 2311 ἐκείνου
1705 2244 1885 2328 φαινόμενα
1915 2257 1971 2311 καὶ
1994 2238 2170 2328 ξύμπαντα
2199 2249 2330 2313 ἐκείνου

643 2352 809 2437 πεφυκότα
831 2364 910 2440 μέρη
934 2356 976 2418 τά
998 2362 1059 2436 μὲν
1080 2360 1312 2440 περιφέρεσθαι
1335 2355 1394 2422 σδν
1415 2352 1505 2444 αὐτῷ
1526 2366 1609 2436 μίαν
1630 2352 1752 2439 ταύτην
1774 2355 1891 2438 ἔχοντα
1914 2369 2043 2440 κίνησιν,
2066 2357 2107 2421 τοὶ
2139 2358 2174 2422 δὲ
2203 2354 2329 2431 ἄλλοις

643 2471 721 2530 θεῖν
745 2462 889 2551 δρόμους.
914 2454 1089 2546 τυγχάνειν
1112 2465 1147 2529 δὲ
1177 2464 1270 2550 παρεὶ
1300 2481 1365 2542 τοῖς
1388 2461 1580 2550 α’νθριόποις
1607 2470 1715 2531 ταῦτα
1741 2473 1803 2547 μὲν
1823 2467 1904 2531 ἰδίου
1925 2471 2059 2534 ἑλιαστον
2085 2465 2262 2551 ὀνόματος·
2287 2464 2327 2531 τοὶ

643 2575 679 2639 δὲ
701 2571 786 2638 ἄλλα
810 2574 894 2637 torol
919 2576 1049 2658 πλῆθος
1072 2572 1198 2658 α’θρόοι.
1222 2575 1482 2658 διανενεμημένα
1505 2579 1550 2653 εἴς
1573 2601 1648 2641 τινα
1671 2565 1818 2661 σχήματα
1843 2587 1897 2640 καὶ
1916 2567 2054 2659 μορφάς.

594 2682 674 2760 Quid
690 2683 737 2744 bis
750 2681 806 2744 sibi
819 2683 892 2744 velit
905 2683 962 2745 Dio
977 2683 1088 2745 iterum
1104 2683 1272 2745 illustrabit
1284 2682 1474 2764 Chrysippus
1488 2685 1509 2764 ¹)
1522 2707 1528 2747 z
1548 2684 1583 2748 τὸ
1599 2686 1635 2750 δὲ
1652 2685 1902 2772 περιφερόμενον
1914 2683 2003 2776 αὐτῷ
2014 2689 2184 2768 ἐγκυκλίως
2195 2695 2326 2772 αἰθέρα

440 2795 536 2871 εἶναι,
558 2793 595 2862 ἓν
621 2785 708 2884 «prol
730 2790 835 2878 ἄστρα
857 2795 1056 2880 καθίδρυται
1077 2794 1120 2860 τά
1143 2822 1177 2859 τε
1200 2792 1334 2880 α’πλανῆ
1355 2805 1410 2859 καῖ
1433 2793 1474 2860 τοὶ
1498 2795 1709 2877 πλανώμενα,
1734 2801 1814 2860 θεῖα
1829 2796 1890 2880 τήν
1905 2787 2001 2876 φύσιν
2017 2794 2097 2864 ὅντα
2114 2809 2168 2864 καὶ
2182 2799 2325 2882 ἔμψυχα

440 2915 496 2970 καῖ
517 2903 724 2988 διοικούμενα
757 2900 842 2970 aare?
864 2905 923 2988 τήν
945 2905 1118 2988 πρόνοιαν.
1151 2903 1219 2966 Ηοο
1241 2907 1383 2985 apertum
1406 2906 1466 2966 est:
1490 2907 1525 2966 ut
1547 2903 1711 2966 manifesta
1726 2903 1859 2966 aetheris
1874 2905 1986 2969 indicia
2000 2906 2146 2970 ridentur
2167 2907 2205 2970 in
2229 2927 2324 2988 equo

440 3013 485 3076 sol
509 3017 540 3078 et
561 3015 644 3088 luna,
665 3015 683 3077 i.
702 3033 728 3077 e.
751 3013 790 3076 in
812 3014 899 3077 orbe
923 3015 1058 3076 aetherio
1080 3014 1190 3077 infixae
1213 3017 1287 3077 sunt
1309 3015 1425 3077 stellae.
1464 3013 1632 3095 Sequentia
1653 3033 1724 3078 vero
1746 3033 1836 3077 cruce
1858 3015 1971 3081 notari.
2010 3014 2095 3093 Quos
2118 3017 2202 3080 enim
2224 3035 2325 3098 equos

439 3125 540 3188 verbis
586 3127 690 3192 τοῖνδε
726 3125 792 3191 τῶν
826 3128 941 3192 ἵππιον
977 3125 1140 3204 significari
1177 3127 1299 3206 putas?
1365 3125 1410 3187 De
1455 3125 1589 3188 secundo
1630 3125 1719 3188 tertio
1757 3129 1867 3204 quarto
1912 3144 1990 3206 equo
2026 3127 2133 3190 Dionis
2180 3128 2322 3190 nondum

440 3234 624 3315 disputatur.
669 3233 873 3312 Intellegendi
898 3234 993 3314 igitur
1020 3238 1094 3297 sunt
1120 3236 1191 3316 equi
1218 3237 1328 3316 quibus
1359 3239 1490 3298 utuntur
1518 3235 1763 3316 Borysthenitae.
1817 3235 1877 3298 Sed
1904 3254 2005 3298 nonne
2037 3237 2179 3318 ineptum
2211 3241 2262 3300 est
2293 3245 2323 3299 et

441 3344 577 3407 alienum
600 3363 618 3406 a
640 3344 790 3424 gravitate
814 3344 905 3406 buius
935 3343 1056 3408 fabulae
1086 3347 1205 3410 caelum
1233 3345 1392 3408 stellatum
1422 3345 1592 3426 comparari
1621 3363 1692 3406 cum
1722 3345 1800 3425 pelle
1830 3346 1943 3426 equina
1971 3348 2101 3410 maculis
2130 3349 2322 3430 conspersa?

441 3453 551 3517 Nonne
572 3454 704 3536 ineptior
725 3453 878 3516 distinctio
901 3473 979 3534 quae
1002 3455 1037 3517 fit
1059 3457 1138 3519 inter
1160 3458 1244 3520 varia
1266 3457 1376 3518 barum
1399 3456 1593 3518 macularum
1615 3457 1751 3534 genera?
1788 3455 2013 3519 Gravissimum
2036 3461 2141 3520 autem
2163 3461 2221 3536 est,
2237 3458 2319 3539 quod

440 3567 472 3627 et
499 3565 593 3628 verba
622 3562 663 3631 ro?
691 3573 752 3648 μὲν
780 3566 945 3650 μηνοειδῆ,
975 3567 1015 3631 τό
1046 3569 1075 3633 δ’
1099 3567 1214 3634 ἀλλοῖα
1247 3587 1307 3628 non
1337 3569 1468 3648 possunt
1493 3566 1632 3645 intellegi
1660 3566 1719 3628 nisi
1750 3565 1794 3628 de
1825 3567 1964 3630 stellis
1993 3569 2089 3643 diota,
2116 3573 2148 3631 et
2174 3569 2319 3650 flagitant

442 3676 605 3754 sequentia
629 3675 753 3756 (ταῦτα
777 3676 811 3741 δὲ
835 3673 993 3761 όφὴμιόν
1016 3675 1188 3762 ὁρᾶσθαι).
1213 3676 1299 3738 utin
1323 3675 1576 3756 praecedentibus
1605 3675 1723 3738 dictum
1752 3675 1793 3738 sit
1821 3675 1859 3738 de
1889 3676 2033 3739 stellis.
2084 3676 2177 3740 Latet
2204 3683 2319 3755 autern,

439 3785 473 3847 ni
494 3783 593 3860 fallor,
615 3786 647 3847 in
667 3793 759 3853 ΤΩΝ
770 3793 923 3853 ΔΕΤΩΝ
934 3786 1007 3849 hoc:
1031 3788 1105 3854 τόν
1126 3785 1290 3874 ἄστρων,
1313 3785 1393 3865 quod
1410 3785 1566 3847 lenissime
1582 3803 1644 3846 una
1658 3789 1783 3848 tantum
1797 3787 1935 3849 litterula
1951 3787 2055 3850 addita
2069 3790 2191 3852 restitui
2206 3793 2316 3872 potest.

439 3894 612 3958 Verisimile
628 3899 733 3957 autem
745 3898 801 3974 est
814 3897 970 3978 scripsisse
982 3895 1114 3960 Dionem
1129 3899 1178 3963 roi
1185 3925 1203 3964 ν
1218 3895 1242 3963 ἄ
1248 3921 1367 3986 στρων
1380 3894 1504 3965 <duri
1510 3923 1581 3962 ντιν
1588 3905 1652 3968 ν>.
1665 3895 1816 3978 Corrupto
1831 3897 1914 3959 enim
1926 3897 2118 3961 substantivo
2129 3919 2189 3962 nou
2202 3901 2317 3962 mirum

439 4009 487 4069 est
502 4006 597 4068 etiam
612 4005 712 4069 vicina
725 4005 827 4068 labem
842 4007 979 4072 traxisse.
1004 4005 1165 4089 Subrepsit
1180 4005 1211 4068 id
1226 4007 1419 4084 vocabulum,
1431 4005 1512 4086 quod
1523 4007 1743 4068 obversabatur
1754 4007 1851 4069 menti
1868 4007 2062 4070 librariorum
2075 4007 2210 4092 (ἵππον)
2224 4011 2316 4073 simili

438 4115 539 4192 modo,
571 4134 631 4196 quo
653 4116 671 4196 ἕ
694 4117 735 4178 42
757 4116 855 4183 εἶπον
885 4117 1123 4199 corrumpebant
1149 4118 1180 4178 in
1209 4121 1324 4185 ἵππον.
1370 4116 1518 4181 Ceterum
1547 4118 1646 4180 varias
1676 4136 1742 4180 esse
1774 4117 1934 4180 stellarum
1962 4117 2076 4180 formas
2101 4119 2159 4182 Dio
2186 4121 2316 4184 sortasse

438 4226 584 4290 indicavit
606 4231 699 4307 atque
721 4245 830 4290 moneo
853 4227 1032 4291 dissensisse
1056 4227 1092 4291 de
1114 4228 1172 4290 hae
1194 4247 1226 4290 re
1248 4227 1453 4310 philosophos
1477 4229 1561 4290 velut
1585 4228 1749 4292 Cleanthes
1772 4229 1855 4291 conis
1881 4247 1933 4292 eas
1953 4229 2067 4294 similes
2083 4249 2149 4293 esse
2164 4229 2241 4293 dixit
2255 4249 2314 4294 non

439 4337 583 4421 globis;²)
598 4337 653 4400 sed
669 4356 705 4400 ex
720 4338 778 4401 hae
792 4338 884 4400 nimis
899 4337 982 4400 brevi
998 4339 1194 4402 adnotatione
1210 4338 1252 4401 nil
1268 4339 1341 4401 certi
1358 4337 1547 4400 concludam.
1573 4339 1742 4418 Sequentia
1757 4343 1861 4401 autem
1877 4357 1960 4402 nunc
1974 4339 2191 4420 intellegimus.
2207 4343 2314 4410 ταῦτα

440 4447 523 4511 enim
545 4447 650 4510 stellas
673 4447 826 4528 siguificat
847 4451 971 4530 praeter
995 4450 1103 4514 lunam
1133 4460 1164 4512 et
1193 4451 1299 4526 solem,
1330 4467 1462 4528 quarum
1486 4449 1652 4528 genuinam
1675 4449 1806 4511 formam
1828 4453 2019 4513 contractam
2041 4450 2192 4524 videmus,
2214 4451 2260 4514 ita
2282 4455 2315 4513 ut

438 4557 584 4620 flammae
614 4558 743 4621 alicuius
770 4559 922 4622 scintillae
951 4560 1038 4623 nobis
1065 4560 1226 4623 rideantur
1254 4561 1336 4623 claro
1366 4547 1540 4641 splendore
1562 4565 1785 4642 percurrentes
1816 4562 2015 4638 διαθέοντας
2049 4565 2173 4623 tantum
2204 4563 2315 4643 poterit

440 4669 550 4749 aliquis
573 4670 722 4751 suspicari
744 4672 846 4732 ortum
869 4689 935 4733 esse
958 4689 994 4734 ex
1016 4670 1075 4736 αἐῑ
1099 4679 1280 4748 θέοντας.
1314 4670 1397 4733 Nam
1420 4688 1543 4752 semper·
1564 4689 1687 4733 numere
1710 4670 1816 4733 stellas
1834 4672 1925 4752 (τούς
1939 4667 2077 4759 αότέρας
2092 4670 2143 4737 αἐῐ
2158 4672 2313 4750 θεόιταςι

439 4778 520 4860 apud
543 4777 746 4842 Plutarchum
769 4780 863 4845 Stoici
875 4781 902 4862 3)
923 4784 1062 4844 monent.
1107 4780 1250 4843 Dubitari
1273 4800 1361 4863 porro
1383 4783 1494 4862 potest,
1518 4780 1690 4861 dequibus
1721 4781 1817 4844 stellis
1849 4781 1931 4845 diota
1960 4781 2022 4844 sint
2043 4781 2137 4844 verba
2165 4783 2252 4848 ἰδίαν
2281 4785 2313 4850 δι’

439 4905 562 4975 κίνησιν
585 4891 672 4976 ἔχειν
691 4899 772 4957 καθ’
795 4888 894 4970 oderi,
918 4895 1025 4954 utrum
1055 4893 1092 4956 de
1121 4891 1265 4956 omnibus
1295 4893 1392 4955 stellis
1425 4892 1608 4968 errantibus,
1633 4911 1672 4956 an
1695 4891 1733 4954 de
1764 4893 1829 4955 sole
1859 4895 1984 4954 tautum
2012 4893 2147 4972 lunaque
2191 4893 2314 4974 (notum

440 5001 523 5062 enim
545 5004 592 5064 est
612 5001 734 5083 proprio
755 5005 843 5065 motu
866 5005 985 5086 septem
1006 5005 1129 5085 praeter
1149 5004 1192 5069 τὰ
1215 5001 1353 5089 α’πλανῆ
1374 5003 1420 5065 uti
1443 5001 1571 5084 stellas.)
1612 5001 1698 5081 Quae
1722 5003 1747 5064 si
1770 5002 1808 5065 ad
1831 5003 1935 5065 omnia
1957 5003 2048 5065 buius
2070 5003 2190 5083 generis
2213 5003 2314 5066 sideru

439 5109 623 5175 referremus
645 5114 868 5177 consectarium
891 5117 982 5192 esset,
1006 5117 1042 5177 ut
1062 5113 1164 5178 verbis
1186 5125 1240 5179 καὶ
1263 5106 1370 5180 τᾶλλα
1385 5109 1490 5203 ἄστρα
1506 5115 1548 5180 δι’
1564 5114 1687 5182 ἐκείνου
1702 5119 1769 5181 κτλ.
1793 5113 1942 5176 transitus
1957 5112 2045 5176 fieret
2067 5112 2105 5176 ad
2129 5115 2214 5176 astra
2236 5133 2314 5195 quae

592 5300 613 5366 ¹)
631 5299 664 5352 ib.
683 5315 707 5368 p.
727 5298 802 5357 185.5
819 5298 859 5353 W.
878 5299 954 5356 abac
972 5298 1004 5352 D.

590 5387 611 5444 ἱ)
629 5384 660 5434 ci.
684 5382 814 5436 Plutarch.
834 5383 865 5435 de
882 5384 946 5452 plac.
966 5385 1027 5454 pbil.
1047 5384 1112 5444 2,14.
1151 5383 1220 5435 Diels
1239 5383 1348 5450 Dorogr.
1369 5385 1452 5436 34423
1470 5384 1504 5436 ib.
1524 5384 1564 5436 ¹³3.

591 5469 614 5536 ³)
632 5468 663 5521 ei.
681 5467 804 5520 Plutarch
823 5468 855 5522 de
871 5469 935 5538 plac.
955 5469 1018 5539 phil.
1037 5469 1087 5530 1,6.
1107 5468 1178 5521 Diels
1196 5469 1305 5535 Doxogr.
1325 5467 1391 5522 296⁸
1400 5469 1424 5522 9.
1563 5490 1568 5498 ·
