4882 6614
1364 874 1382 936 6

429 1079 469 1144 Iu
491 1081 575 1143 terra
595 1077 691 1160 igitur
719 1075 856 1157 undique
883 1073 1060 1140 circumfusi
1088 1076 1219 1140 haerent
1245 1095 1395 1159 equorum
1418 1077 1573 1142 socundus
1595 1080 1626 1141 et
1647 1078 1757 1142 tertius
1780 1079 1868 1159 quasi
1890 1081 2017 1143 ruentes
2038 1079 2070 1144 in
2087 1099 2168 1160 eam,
2183 1083 2319 1163 uterque

431 1191 510 1254 alter
532 1209 604 1254 cum
627 1187 723 1252 altero
744 1188 876 1250 invicem
907 1186 1074 1251 cohaerens
1106 1185 1331 1272 (ὠθουμένω),
1368 1189 1475 1252 aether
1505 1191 1611 1253 autem
1638 1189 1782 1252 velutin
1815 1188 1914 1253 stadio
1939 1191 2056 1253 metam
2089 1191 2318 1256 circumvolans

431 1319 541 1366 currus
564 1299 681 1364 circum
703 1301 767 1362 tres
789 1297 972 1380 posteriores
995 1315 1090 1378 equos
1111 1296 1336 1364 circumfertur.

583 1409 744 1474 Hactenus
755 1407 909 1472 muudum
923 1407 1074 1471 habemus
1089 1410 1238 1486 creatum,
1252 1408 1284 1472 in
1299 1408 1400 1472 varias
1415 1407 1529 1472 lormas
1544 1410 1621 1473 bene
1636 1408 1828 1492 dispositum,
1844 1429 1918 1493 pace
1933 1410 2095 1478 fruentem.
2124 1411 2186 1476 Sed
2202 1425 2318 1494 negata

430 1525 479 1586 est
500 1540 519 1585 a
540 1521 603 1584 lato
625 1519 813 1602 sempiterna
834 1517 942 1580 mundi
965 1518 1060 1598 quies.
1092 1518 1248 1582 liabetur
1270 1518 1360 1582 certis
1383 1517 1582 1601 temporibus.
1612 1519 1790 1582 Turbantur
1810 1520 1906 1600 igitur
1928 1522 1998 1602 equi
2013 1522 2121 1586 Diouis
2136 1524 2317 1605 turbatique

430 1631 604 1714 legentibus
619 1630 727 1693 turbas
742 1629 876 1692 movent.
902 1626 972 1690 Duo
988 1629 1093 1692 autem
1116 1627 1188 1692 belli
1208 1629 1289 1693 inter
1311 1629 1466 1693 elementa
1488 1629 1613 1710 gerendi
1628 1631 1702 1693 sunt
1724 1647 1846 1710 genera,
1869 1631 2005 1695 alterum
2020 1651 2081 1713 quo
2095 1651 2157 1696 nou
2172 1635 2318 1696 mutatur

431 1741 567 1806 universi
581 1741 669 1817 ratio,
686 1740 821 1802 alterum
845 1757 906 1818 quo
921 1737 985 1821 ipse
1006 1738 1144 1802 muudus
1166 1738 1369 1803 labefactatus
1391 1739 1514 1803 corruit.
1546 1739 1630 1803 Illud
1652 1740 1724 1803 iude
1747 1759 1765 1804 a
1787 1740 1888 1804 verbis
1909 1739 1968 1829 ἡόη
1992 1744 2032 1809 de
2050 1771 2129 1810 ποτε
2150 1762 2250 1824 usque
2275 1745 2316 1806 ad

431 1859 474 1932 ιλς
497 1855 570 1920 όέον
590 1849 834 1934 καθιστάμενος
847 1847 997 1932 (47-51)
1020 1849 1209 1926 describitur,
1232 1851 1290 1913 hoc
1311 1849 1451 1931 sequitur
1471 1848 1494 1934 ξ
1511 1851 1550 1911 51
1575 1849 1645 1913 inde
1667 1869 1685 1912 a
1708 1851 1808 1914 verbis
1831 1851 1935 1918 πάλιν
1951 1854 1987 1918 δὲ
2002 1857 2124 1940 ἑτέραν.
2158 1853 2219 1916 llla
2232 1855 2317 1918 inter

431 1964 587 2027 elementa
598 1961 795 2026 contentione
810 1961 914 2042 partes
930 1959 1039 2022 muudi
1055 1959 1117 2024 sive
1132 1958 1255 2024 diluviis
1276 1961 1339 2024 sive
1361 1960 1509 2024 incendiis
1528 1960 1674 2024 letalibus
1694 1959 1844 2037 delentur,
1866 1962 1924 2024 boc
1946 1961 2082 2025 mundus
2102 1963 2168 2044 ipse
2190 1982 2316 2028 concre-

430 2077 536 2136 matur
558 2075 594 2136 ut
615 2091 712 2136 novius
737 2071 856 2134 existat.

582 2184 674 2248 Latet
696 2186 802 2247 autem
823 2180 933 2245 vitium
954 2181 986 2242 in
1009 2181 1109 2244 verbis
1133 2181 1244 2262 quibus
1267 2182 1417 2245 transitus
1438 2181 1474 2243 fit
1496 2199 1515 2244 a
1536 2181 1634 2264 priore
1656 2185 1743 2263 parte
1766 2181 1805 2244 ad
1827 2181 1957 2245 alteram
1980 2183 2012 2262 (ἓ
2035 2181 2101 2264 bot:

634 2297 721 2362 εἶναι
753 2298 816 2383 γάρ
846 2292 971 2380 όμοιον,
995 2291 1101 2382 ὥσπερ
1124 2289 1206 2360 όταν
1228 2290 1374 2379 ἅρματος
1395 2291 1521 2380 ἡνίοχος
1545 2297 1610 2358 τῶν
1638 2295 1753 2360 ἵππων
1781 2291 1855 2360 τινά
1885 2291 2005 2391 κολάζῃ
2032 2297 2153 2385 χαλινῷ
2181 2293 2314 2375 σπάσας

635 2403 789 2496 ἡκέντρῳ
805 2405 987 2496 άψάμενος’
1011 2403 1028 2472 ό
1051 2406 1087 2470 δὲ
1109 2405 1266 2493 ἐσκίρτησε
1292 2414 1348 2468 καὶ
1374 2395 1543 2490 ἐταράχθη
1573 2407 1777 2488 παραχρῆμα
1799 2409 1844 2480 εἰς
1865 2405 1939 2472 δίον
1959 2403 2207 2488 καθιστάμενος.
2230 2419 2313 2490 μίαν

633 2523 694 2600 μὲν
716 2509 773 2584 οὖν
794 2514 918 2604 ταύτην
941 2512 1104 2604 ἡνιόχησιν
1123 2512 1265 2600 ἰσχυράν,
1288 2511 1345 2598 οὐχ
1365 2509 1443 2580 όλου
1465 2520 1681 2601 φθειρομένου
1704 2511 1761 2580 τοῦ
1784 2512 1916 2591 παντός.
1939 2511 2045 2582 πάλιν
2060 2517 2097 2582 de
2118 2520 2234 2606 ἑτέραν
2254 2522 2313 2602 τῆς

633 2627 699 2692 τῶν
714 2623 880 2715 τεττάρων
901 2625 1052 2710 κινήσεως
1074 2635 1128 2691 καὶ
1142 2623 1341 2706 μεταβολῆς,
1364 2623 1401 2690 ἒν
1423 2620 1571 2708 άλλὴλοις
1592 2625 1889 2707 μεταβαλλομένων
1911 2633 1967 2688 καῖ
1983 2625 2249 2694 διαλλαττόντων
2268 2628 2311 2692 τά

633 2737 713 2822 εἴδη,
736 2748 848 2823 μέχρις
871 2734 914 2803 ἄν
935 2742 980 2814 εἰς
1000 2748 1079 2820 μίαν
1100 2731 1239 2801 ἅπαντα
1261 2735 1404 2828 συνέλθῃ
1427 2731 1524 2816 φύσιν
1545 2731 1730 2818 ἡττηθέντα
1752 2739 1810 2801 τοῦ
1831 2747 2018 2818 κρείττονος.

584 2845 723 2909 Similem
747 2863 814 2908 esse
836 2844 910 2908 dicit
932 2845 990 2908 Dio
1011 2845 1092 2926 iguis
1114 2843 1286 2907 tumultum
1308 2842 1396 2905 adeo
1412 2842 1578 2906 coercitum
1593 2861 1671 2923 equo
1687 2843 1925 2922 agubernatore
1940 2844 2100 2924 castigato.
2141 2845 2222 2908 Tum
2239 2865 2312 2910 sero

429 2957 594 3040 improprie
616 2956 755 3038 pergitur
776 2955 793 3023 ό
809 2958 845 3024 δὲ
860 2959 1020 3046 ἐσκίρτησε
1034 2960 1099 3022 κτλ.
1115 2955 1134 3018 i.
1151 2973 1177 3019 e.
1196 2954 1266 3032 „ille
1282 2956 1388 3016 autem
1404 2953 1577 3016 exsultabat
1589 2956 1620 3016 et
1635 2953 1820 3016 turbabatur
1835 2952 1910 3016 dum
1925 2954 1956 3015 in
1972 2953 2106 3016 officium
2122 2955 2309 3022 reducitur.“

428 3067 551 3131 Immo:
575 3066 746 3146 castigatur
768 3066 841 3146 quia
862 3067 1035 3130 exsultabat
1056 3070 1087 3130 et
1108 3066 1300 3135 turbabatur,
1322 3067 1354 3127 et
1371 3064 1550 3144 castigando
1566 3065 1666 3128 subito
1681 3065 1713 3126 in
1728 3063 1861 3126 officium
1877 3064 2044 3131 reducitur.
2079 3064 2201 3130 Scribas
2217 3067 2313 3148 igitur

427 3175 512 3246 όταν
534 3227 541 3242 .
560 3225 568 3241 .
590 3175 714 3264 ἡνίοχος
728 3181 793 3244 τῶν
814 3181 928 3244 ἵππων
943 3179 1018 3246 τινά
1042 3176 1163 3270 κολάζῃ
1187 3226 1219 3240 ..
1242 3188 1360 3264 κέντρῳ
1377 3172 1561 3264 ἁψάμενος,
1586 3171 1628 3250 ὃς
1651 3177 1813 3264 ἐσκίρτησε
1835 3185 1890 3242 καῖ
1906 3174 2087 3264 trapam,
2106 3185 2310 3266 παραχρῆμα
2417 3181 2418 3200 ³

430 3295 475 3368 εἰς
496 3291 572 3356 δέον
594 3287 881 3371 καθιστάμενον.

583 3397 728 3462 Graviore
750 3397 877 3460 vulnere
907 3396 1047 3459 laborant
1069 3395 1241 3476 sequentia,
1265 3395 1346 3476 quod
1368 3413 1429 3458 nou
1452 3395 1640 3457 sanaverunt
1662 3398 1717 3457 aut
1738 3395 1881 3459 Reiskius
1904 3399 1958 3459 aot
1980 3397 2104 3462 Reislio
2127 3416 2310 3463 succurrens

430 3508 592 3591 Emperius
614 3527 686 3571 oum
700 3510 770 3590 post
792 3500 852 3576 οὖν
878 3506 1049 3569 insererent
1069 3511 1205 3592 λέγουσι.
1246 3505 1307 3570 Fac
1323 3505 1405 3569 euim
1420 3506 1570 3587 scriptum
1592 3523 1658 3568 esse
1679 3520 1761 3592 μίαν
1780 3514 1842 3591 μὲν
1857 3499 1915 3575 adv
1936 3511 2161 3592 <λέχουσιν>
2185 3505 2311 3596 ταύτην

428 3617 598 3705 ἡνιόχησιν
619 3619 756 3706 ἰσχυραν
777 3623 844 3686 κτλ.
876 3616 949 3698 quid
975 3617 1184 3680 lucrabimur?
1217 3617 1284 3680 Hoc
1313 3616 1429 3680 diceret
1458 3616 1534 3679 Dio:
1567 3616 1667 3692 „hanc
1696 3635 1793 3680 unam
1823 3617 1930 3679 dicunt
1960 3635 2027 3681 esse
2057 3616 2171 3680 fortem
2200 3637 2310 3682 curnis

429 3729 693 3809 gubernationem,
707 3746 768 3809 qua
782 3728 865 3792 haud
880 3729 972 3810 plane
988 3728 1126 3791 deleatur
1144 3727 1311 3805 mundos“‚
1335 3727 1383 3790 cui
1398 3726 1573 3808 oppositum
1589 3729 1671 3789 esset
1686 3726 1787 3796 πόλιν
1802 3729 1839 3794 δὲ
1853 3733 1968 3817 ἑτέραν
1982 3732 2047 3795 κτλ.
2062 3729 2081 3794 i.
2099 3747 2141 3792 e.:
2158 3729 2310 3808 „alteram

430 3841 536 3902 autem
565 3839 671 3902 dicunt
700 3857 770 3902 eam
800 3858 879 3920 quae
911 3843 995 3920 eqs.“
1040 3839 1193 3920 Apertum
1226 3840 1273 3901 est
1306 3855 1378 3900 eum
1410 3838 1462 3918 qui
1493 3837 1539 3899 ita
1570 3837 1707 3917 loquitur
1739 3838 1821 3900 iuter
1848 3838 1908 3901 duc
1937 3839 2167 3919 gubernationis
2196 3857 2312 3919 genera
2418 3819 2419 3864 λ

429 3949 643 4030 distinguere:
672 3948 772 4032 priore
793 3951 897 4031 partes
920 3947 1029 4012 muudi
1058 3948 1209 4025 delentur,
1238 3947 1373 4010 mundus
1401 3949 1549 4024 servatur,
1580 3947 1677 4010 altera
1700 3946 1842 4026 ,mundus
1864 3949 1928 4030 ipsa
1957 3947 2045 4031 perit.
2091 3948 2169 4012 Nolo
2198 3967 2310 4030 urgere

428 4059 701 4140 conflagrationem
723 4077 834 4141 parum
856 4063 928 4141 apte
951 4058 1180 4139 gubernationis
1209 4058 1342 4140 speciem
1364 4057 1523 4121 nominari.
1569 4057 1717 4122 Graviora
1743 4059 1818 4122 baec
1847 4059 1930 4121 suut.
1974 4057 2116 4121 Primum
2137 4059 2310 4122 excluditur

428 4169 488 4233 hac
509 4170 703 4233 distinctione
727 4188 745 4232 a
767 4168 958 4250 gubernandi
980 4170 1144 4250 generibus
1164 4168 1217 4230 ille
1240 4171 1340 4232 status
1363 4167 1479 4241 muudi,
1502 4187 1562 4248 quo
1585 4168 1781 4250 potissimum
1802 4168 1966 4248 gubernari
1985 4169 2115 4246 videtur,
2142 4188 2216 4232 eum
2241 4167 2309 4232 dieo
2418 4231 2419 4254 η

428 4300 490 4363 quo
517 4281 619 4362 quiete
642 4298 678 4342 ac
699 4297 774 4361 pace
796 4277 908 4342 lruitur
929 4279 1119 4342 uuiversum.
1164 4276 1283 4341 Deinde
1305 4277 1343 4340 ad
1365 4283 1480 4366 ἑτέραν
1502 4295 1540 4340 ne
1563 4277 1701 4360 suppleri
1723 4277 1848 4358 quidem
1870 4281 1971 4360 potest
1993 4277 2165 4366 ἡνιόχησιν.
2197 4279 2308 4361 Neque

429 4391 512 4456 enim
534 4408 610 4452 sane
632 4388 794 4470 cogitantis
817 4392 865 4452 est
885 4389 930 4450 ita
950 4388 1050 4469 loqui:
1074 4388 1168 4450 aliam
1190 4384 1357 4476 ἡνιόχησιν
1378 4386 1494 4463 dicunt,
1531 4390 1636 4450 tamen
1660 4388 1753 4450 etiam
1776 4389 1859 4452 bunc
1880 4392 2000 4452 motum
2023 4408 2084 4453 uon
2108 4393 2252 4454 verentur
2269 4429 2306 4436 -

428 4500 594 4590 ἡνιόχησιν
625 4499 735 4563 dicere.
787 4496 881 4561 Vides
904 4498 1040 4578 undique
1063 4497 1244 4580 suspicionis
1274 4515 1383 4560 causas
1409 4515 1588 4562 concurrere
1615 4502 1723 4562 contra
1750 4500 1844 4563 verba
1864 4501 1998 4590 ἰσχυρόν
2020 4497 2197 4589 ἡνιόχησιν,
2229 4519 2308 4580 quae

428 4611 505 4674 mihi
527 4609 671 4674 videntur
694 4628 710 4674 1
732 4607 871 4690 margine
904 4607 947 4692 (in
979 4627 1039 4690 quo
1071 4607 1109 4672 ad
1141 4608 1391 4691 praecedentium
1421 4609 1646 4671 sententiarum
1668 4627 1825 4673 summam
1854 4609 2173 4692 comprehendendam
2203 4609 2309 4674 addita

429 4719 529 4802 erant)
561 4720 594 4782 in
628 4723 749 4782 textum
781 4719 939 4801 irrepsisse
973 4721 1065 4798 atque
1098 4718 1266 4798 genuinam
1299 4718 1461 4782 lectionem
1494 4719 1626 4782 eiecisse.
1688 4719 1852 4784 Causam
1884 4721 2023 4802 exposuit
2059 4722 2118 4785 Dic
2155 4723 2307 4786 leviorum

428 4830 634 4906 discidiorum‚
657 4830 828 4910 quaeinter
848 4829 1002 4892 elementa
1026 4828 1154 4892 existere
1177 4827 1278 4892 solent
1299 4829 1493 4910 cotempore,
1517 4847 1578 4908 quo
1600 4847 1699 4892 unum
1721 4833 1829 4893 contra
1849 4831 1966 4912 reliqua
1982 4835 2110 4913 pugnat.
2144 4831 2251 4914 Pergit
2267 4835 2306 4899 ad

428 4943 564 5006 maiora:
589 4957 735 5004 causam
758 4939 920 5021 explicabit
940 4945 995 5028 τὴς
1016 4944 1084 5008 τοῖν
1105 4930 1268 5026 τεττάρων
1288 4937 1435 5026 κινὴσιως
1457 4949 1513 5006 καῖ
1535 4943 1727 5024 μεταβολῆς.
1765 4941 1863 5020 Atque
1886 4959 1997 5004 causae
2019 4942 2202 5006 vocabulum
2227 4945 2308 5024 quod

428 5053 640 5118 desideramus
654 5049 893 5134 deprehendisse
908 5049 984 5112 mihi
1005 5049 1108 5112 videor
1129 5049 1162 5111 in
1182 5061 1272 5134 μίαν,
1286 5047 1366 5129 quod
1389 5051 1568 5130 corruptum
1591 5067 1657 5112 esse
1680 5049 1802 5112 videtur
1822 5069 1858 5113 ex
1872 5058 2021 5120 αἰτίαν.
2038 5051 2198 5134 Temptavi
2215 5053 2309 5134 igitur

428 5173 571 5233 “may
591 5171 651 5250 μὲν
673 5157 731 5232 οὖν
752 5153 874 5250 ταύτην
897 5164 1022 5231 <dvm
1044 5167 1308 5249 WWZ35⁷¹⁰S>
1330 5157 1480 5244 011131·ου
1503 5169 1719 5248 paenam„
1742 5166 1801 5228 τοῦ
1816 5152 1946 5239 παντός·
1981 5161 2031 5223 Ita
2044 5161 2092 5224 vel
2108 5162 2200 5225 simili
2215 5165 2306 5228 modu

427 5275 629 5340 clarioribus
651 5273 748 5337 ruinis
770 5289 951 5354 progressus
973 5289 1040 5334 csse
1063 5269 1185 5334 videtur
1205 5269 1264 5332 Dio
1296 5269 1335 5333 ad
1358 5268 1604 5350 conflagrationis
1626 5269 1871 5352 descriptionem,
1894 5271 1981 5334 cuius
2008 5289 2134 5335 oausam
2160 5277 2306 5340 extrema,

427 5387 520 5452 verba
541 5383 682 5450 reddunt.
726 5383 764 5446 In
786 5402 822 5447 eo
845 5382 928 5446 euim
948 5383 1048 5464 positu
1070 5383 1126 5459 est,
1151 5380 1233 5462 quod
1255 5380 1348 5444 certis
1370 5379 1558 5462 temporibus
1581 5380 1637 5443 sibi
1660 5381 1775 5444 cedunt
1797 5382 1958 5458 elementa,
1983 5382 2175 5472 usquedum
2199 5403 2297 5446 uuum

427 5498 494 5562 scil.
517 5495 607 5577 iguis,
631 5493 743 5576 quippe
767 5492 848 5574 quod
870 5491 1073 5556 fortissimum
1096 5491 1143 5568 sit,
1167 5492 1322 5573 reliquum
1344 5492 1394 5555 sit.
1441 5490 1523 5554 Nam
1545 5487 1588 5557 τά
1611 5504 1691 5578 μέρη
1715 5499 1774 5560 τοῦ
1796 5485 1916 5576 κόσμου
1939 5491 2089 5582 φθαρτά·
2112 5499 2155 5573 εἰς
2178 5491 2306 5580 ἄλληλα
