4882 6614
1324 932 1363 994 12

394 1129 501 1191 mente
529 1128 720 1210 parturiente
745 1128 933 1207 dictasunt,
963 1132 1075 1195 aoristo
1098 1135 1235 1216 tempore
1257 1132 1402 1197 formavit
1422 1133 1492 1212 Dic,
1513 1134 1589 1196 ilem
1611 1132 1730 1216 primae
1758 1132 1885 1196 actionis
1914 1131 2030 1214 priores
2060 1132 2140 1196 duas
2168 1135 2297 1215 partes.

396 1237 473 1300 Iude
497 1255 515 1300 a
536 1238 630 1300 tertia
652 1237 798 1321 deinceps
821 1241 976 1322 praesenti
998 1241 1098 1304 utitur
1120 1243 1156 1305 ut
1177 1245 1334 1306 creantem
1356 1241 1510 1306 describat
1531 1244 1679 1306 mentem.

550 1347 597 1411 Ex
619 1349 744 1412 aethere
767 1366 830 1425 aer,
853 1369 889 1413 ex
912 1369 981 1414 aere
1004 1369 1085 1433 aqua
1107 1352 1246 1432 gignitur
1268 1351 1440 1416 secuudum
1463 1351 1590 1428 Stoicos,
1614 1368 1696 1430 aqua
1718 1353 1823 1412 autem
1845 1350 1934 1430 quasi
1956 1365 2063 1414 semen
2080 1353 2129 1414 est
2143 1352 2295 1414 omnium

396 1569 596 1632 occurrerent
627 1565 720 1631 Stoici
754 1569 827 1632 huic
855 1569 1039 1633 dubitationi
1082 1571 1229 1634 tradidit:
1264 1569 1376 1656 έπειδή
1407 1568 1471 1660 γάρ
1498 1575 1604 1637 αἴτιον
1632 1568 1785 1654 κινήσεώς
1811 1569 1879 1634 ἔστι
1913 1569 1950 1634 rc*
1984 1575 2060 1660 πῦρ,
2097 1583 2215 1653 κίνησις
2253 1572 2294 1637 δὲ

395 1688 548 1759 γενέσεως
572 1669 668 1767 α’ρχή,
690 1687 845 1760 γενέσθαι
869 1681 904 1746 δὲ
919 1677 998 1746 ἄνευ
1020 1681 1169 1768 κινήσεως
1191 1679 1299 1750 ὁτιοῦν
1321 1677 1499 1757 α’δάνατον,
1523 1681 1651 1764 ἔφασαν
1671 1673 1722 1744 ὅτι
1743 1675 1828 1761 μετά
1849 1677 1911 1766 τήν
1932 1670 2123 1768 ἔκπδροισιν,
2145 1677 2296 1746 ἐπειδάν

395 1786 416 1853 c‘
440 1799 511 1867 νέος
535 1784 650 1870 κάσμος
672 1791 771 1882 μέλλῃ
795 1790 1071 1876 δημιουργεῖσδαι,
1104 1791 1239 1874 σύμπαν
1265 1797 1327 1874 μὲν
1349 1789 1384 1855 vd
1408 1795 1474 1870 πῦρ
1497 1786 1535 1856 οὐ
1566 1793 1749 1868 σβέννυται,
1780 1785 1862 1871 ποσή
1899 1789 1939 1853 δέ
1972 1814 2022 1866 τις
2050 1784 2155 1857 αὐτοῦ
2183 1802 2292 1878 μοῖρα

399 1895 626 1964 ὑπολείπεται.
670 1897 711 1960 nt
732 1916 773 1960 ue
794 1897 854 1961 hcc
875 1898 1002 1978 quidem
1023 1897 1184 1962 inventum
1207 1897 1342 1979 neglexit
1364 1897 1430 1972 Dio,
1453 1915 1525 1960 cum
1547 1915 1719 1977 maguam
1741 1895 1820 1976 iguis
1842 1899 1992 1977 partem
2007 1896 2090 1959 dicat
2104 1897 2293 1976 extinguere

399 2009 539 2069 mentem
559 2007 633 2087 (uon
656 2025 781 2071 omnem
802 2007 909 2088 igitur)
933 2010 965 2070 et
992 2009 1123 2072 transire
1153 2009 1185 2070 in
1216 2025 1319 2070 cerem
1349 2006 1555 2070 fervidum.
1606 2005 1668 2069 Sed
1698 2024 1753 2068 cur
1778 2008 1845 2068 tam
1873 2006 2003 2070 molesto
2034 2025 2110 2070 usus
2140 2008 2181 2070 sit
2202 2008 2293 2090 pleo-

398 2133 517 2192 nasmo,
546 2119 583 2179 ut
609 2116 726 2180 diceret
747 2110 879 2207 πυρώδη
914 2119 1013 2206 πυρός
1043 2117 1153 2204 ἠπίου,
1187 2136 1249 2180 nou
1282 2116 1369 2179 video
1391 2133 1540 2194 oausam,
1574 2115 1729 2194 glossema
1750 2114 1825 2177 mihi
1849 2115 1969 2178 videtur
1998 2117 2100 2205 πυρὸς
2125 2115 2226 2203 ἠπίου
2251 2136 2291 2178 ex

401 2225 654 2290 antecedentibus
677 2226 821 2316 ἐπράυνε
842 2237 899 2293 καὶ
922 2225 1042 2315 άνῆκεν
1065 2225 1167 2296 αδτόν
1189 2227 1306 2290 fictum·

555 2333 702 2416 Sequitur
717 2336 796 2398 aeris
812 2336 842 2398 iu
859 2354 973 2416 aquam
989 2336 1149 2413 transitus,
1166 2354 1258 2416 quem
1274 2337 1310 2397 ut
1325 2353 1409 2398 more
1425 2334 1514 2398 solito
1528 2334 1736 2416 mythologice
1749 2337 1834 2398 veste
1849 2338 1981 2412 ornaret,
1996 2335 2075 2398 haec
2089 2333 2289 2414 excogitavit:

606 2453 740 2530 μιχθεῐς
762 2447 798 2512 δὲ
820 2445 896 2512 τότε
908 2441 995 2536 Ἥρᾳ
1019 2457 1074 2512 καὶ
1097 2443 1296 2528 μεταλαβών
1322 2451 1382 2513 τοῦ
1410 2444 1616 2512 τελειοτάτου
1645 2448 1757 2529 λέχους
1784 2442 2064 2529 ἀναπαυσάμενος
2087 2443 2203 2531 οἷφέησι
2229 2445 2294 2529 τὴν

605 2561 720 2622 πᾶσαν
752 2547 797 2622 αδ
829 2560 887 2622 τοῦ
919 2556 1042 2633 παντὸς
1072 2553 1178 2641 γονήν.
1213 2561 1324 2622 τοῦτον
1351 2553 1489 2638 ὑμνοῦσι
1511 2555 1629 2628 παῖδες
1652 2558 1759 2636 σοφῶν
1780 2555 1817 2620 ἔν
1839 2552 1984 2642 α’ρρὴτοις
2010 2557 2153 2632 τελεταῖς
2179 2551 2290 2640 Ἥρας

606 2675 660 2730 καὶ
683 2664 756 2742 Διὸς
778 2660 960 2746 εὐδαίμονα
981 2664 1095 2747 γάμον.

557 2771 704 2855 Stupebis
727 2773 766 2836 ad
796 2791 910 2836 novam
940 2774 1022 2836 hauc
1050 2773 1128 2836 sacri
1156 2774 1238 2835 inter
1267 2771 1373 2837 Iovem
1406 2774 1438 2835 et
1469 2772 1621 2836 Iunonem
1648 2771 1838 2835 matrimonii
1860 2772 2159 2854 interpretationem.
2203 2770 2292 2834 Nam

403 2885 561 2948 sollemnis
591 2883 716 2965 quidem
739 2885 787 2947 eet
808 2886 840 2946 et
861 2881 943 2964 apud
965 2883 1162 2964 philosophos
1185 2885 1216 2944 et
1238 2881 1320 2964 apud
1341 2884 1449 2963 poetas
1472 2879 1655 2960 allegoricus
1677 2881 1769 2944 huius
1784 2880 1905 2946 fabulae
1920 2901 1996 2945 usus
2011 2901 2112 2963 neque
2131 2882 2237 2964 inepte
2254 2881 2289 2942 iu

404 2993 576 3058 Homericis
600 2993 753 3075 allegoriis
785 2994 867 3083 ἱερὰς
889 2983 993 3080 γάμος
1020 2992 1058 3055 ad
1088 2992 1164 3055 caeli
1194 3010 1287 3055 verno
1316 2993 1455 3073 tempore
1485 2989 1676 3054 hilaritatem
1708 2989 1850 3054 refertur.
1894 2994 1957 3058 Aer
1980 2992 2073 3069 euim,
2107 3010 2202 3071 quem
2234 2990 2290 3052 diu

404 3104 526 3187 hiemps
548 3103 791 3178 contristaverat,
811 3121 883 3166 vere
908 3103 1021 3184 quippe
1044 3101 1158 3164 mixtus
1178 3120 1250 3165 cum
1270 3101 1393 3164 aethere
1416 3118 1525 3164 serena
1543 3099 1611 3164 luce
1626 3099 1830 3182 perfunditur.
1854 3103 1933 3183 Apte
1949 3103 2055 3166 autem
2070 3101 2204 3165 duorum
2228 3101 2291 3162 ele-

405 3217 583 3278 mentorum
594 3213 841 3278 coniunctionem
853 3213 1024 3296 comparari
1038 3212 1166 3276 deorum
1178 3211 1375 3274 matrimonio
1388 3210 1457 3292 quis
1468 3209 1616 3290 negabit?
1640 3208 1707 3272 Hoc
1726 3212 1831 3272 autem
1846 3210 1912 3274 loco
1928 3209 1966 3274 de
1982 3211 2075 3274 unius
2096 3210 2291 3274 substantiae

405 3323 668 3388 vicissitudinibus
690 3323 859 3396 disseritur,
882 3339 961 3402 quae
984 3321 1040 3383 sihi
1062 3320 1130 3402 ipsa
1152 3337 1257 3382 semen
1279 3320 1391 3382 inferre
1414 3317 1534 3398 cogitur
1556 3317 1698 3381 aDioue.
1727 3317 1789 3381 Sed
1811 3319 1960 3400 legentes,
1983 3319 2036 3400 qui
2058 3320 2157 3382 tulere
2173 3337 2290 3400 equum

407 3436 596 3510 terrestrem,
618 3433 719 3498 terent
740 3433 835 3496 etiam
856 3431 914 3494 hoc
934 3430 1169 3494 matrimonium
1192 3427 1284 3510 quod,
1306 3427 1364 3491 etsi
1385 3431 1492 3490 contra
1507 3443 1616 3489 sanam
1632 3426 1786 3508 cogitandi
1800 3429 1951 3492 rationem
1965 3431 2095 3511 pugnat,
2111 3447 2146 3493 eo
2161 3429 2292 3511 paulum

409 3547 583 3622 excusatur,
608 3543 689 3624 quod
712 3560 818 3606 semen
840 3541 969 3622 igneum
990 3558 1062 3603 cum
1085 3538 1195 3603 Stoicis
1217 3537 1324 3600 furtim
1346 3537 1513 3617 rehquerat
1534 3535 1672 3618 scriptor.
1716 3535 1784 3600 Hoc
1801 3537 1895 3617 igitur
1919 3536 2098 3621 putabimus
2119 3537 2293 3601 secundum

407 3654 538 3718 Dionem
560 3654 663 3717 dinuo
685 3651 881 3716 matrimonio
904 3649 1088 3730 significari:
1113 3649 1247 3712 aetheris
1269 3647 1415 3727 reliquias
1436 3647 1499 3709 aeri
1521 3664 1590 3709 sese
1611 3645 1834 3726 immergentis.

560 3781 671 3862 Neque
698 3779 761 3843 iam
782 3778 933 3842 mirabere
956 3795 993 3839 ex
1014 3775 1069 3838 tali
1091 3775 1257 3839 concubitu
1279 3773 1403 3837 insolita
1425 3790 1546 3854 quoque
1569 3771 1663 3853 gigni.
1710 3759 1892 3854 Sequuntur
1912 3773 1995 3836 enim
2016 3791 2097 3836 nova
2121 3773 2291 3836 miracula:

409 3894 479 3958 Nou
502 3891 689 3972 ingravescit
710 3908 795 3964 uxor,
818 3888 873 3952 sed
894 3887 1074 3951 uuiversum
1096 3885 1128 3948 in
1150 3884 1314 3948 humidum
1337 3883 1468 3947 vertitur
1490 3900 1605 3946 semen.
1649 3881 1687 3944 In
1710 3882 1768 3945 hcc
1790 3885 1896 3945 autem
1918 3882 2031 3944 itemm
2060 3899 2151 3945 mens
2173 3885 2294 3961 regnat,

408 4009 442 4068 et
463 4003 568 4066 omnia
589 4001 732 4064 videmus
747 3997 882 4061 universi
903 3996 968 4060 fata
991 4013 1137 4079 superare
1160 3995 1197 4062 τό
1219 3985 1422 4083 ἡγεμονικόν.
1465 3991 1552 4056 Haec
1574 3991 1657 4055 enim
1680 3990 1747 4066 Dio,
1768 3993 1933 4074 postquam
1956 3989 2032 4054 dixit
2053 4009 2144 4054 omue
2158 3990 2295 4054 universi

411 4132 519 4177 semen
540 4113 572 4174 iu
596 4111 654 4174 hoc
675 4107 872 4172 matrimonio
895 4125 913 4170 a
933 4108 1040 4170 mente
1063 4105 1163 4171 emitti
1185 4105 1216 4186 (ᾗ
1240 4102 1313 4185 37);

615 4219 718 4309 δγράν
733 4221 768 4286 δὲ
785 4217 925 4304 ποιήσας
947 4217 1006 4303 τὴν
1021 4213 1098 4300 δ’λιγν
1113 4214 1234 4296 odolen,
1253 4219 1288 4280 ἓν
1304 4226 1434 4301 σπέρμα
1449 4211 1508 4278 τοῦ
1523 4209 1656 4290 παντός,
1673 4207 1774 4289 αδτάς
1790 4209 1944 4300 ἐντούτῳ
1960 4211 2119 4288 διαθέων,
2135 4209 2297 4293 καθάπερ

615 4333 651 4398 έν
670 4335 747 4430 γονῇ
776 4333 906 4413 πνεῦμα
928 4326 966 4394 τό
992 4313 1142 4392 πλάττον
1161 4335 1217 4390 καὶ
1239 4325 1464 4412 δημιουργοῦν·
1487 4320 1560 4388 τότε
1582 4320 1621 4409 δὴ
1642 4319 1787 4404 μάλιστα
1811 4317 2005 4406 προσεοικώς
2027 4319 2065 4418 τῇ
2095 4325 2161 4388 τῶν
2186 4316 2300 4386 ἄλλων

616 4433 764 4508 συστάσει
780 4437 869 4528 ζῴων
884 4433 1033 4505 καθόσον
1055 4435 1090 4501 ἔκ
1114 4439 1221 4518 ψυχῆς
1236 4444 1291 4498 καῖ
1312 4431 1459 4516 σώματος
1475 4421 1667 4498 συνεστάναι
1682 4434 1797 4510 λέγοιτ’
1813 4426 2013 4498 deoderico
2029 4428 2160 4518 τρόπου·
2176 4427 2219 4496 τά
2235 4433 2296 4495 λοι-

616 4551 666 4618 πά
690 4547 747 4637 ἤδη
770 4549 886 4638 ῥᾳδίως
910 4545 1047 4614 πλάττει
1067 4555 1123 4610 καὶ
1146 4561 1253 4617 τυποῖ,
1276 4545 1368 4608 λείαν
1390 4552 1444 4607 καὶ
1466 4541 1618 4626 μαλακὴν
1639 4535 1732 4628 αδτρῖ
1746 4551 1898 4629 περιχέας
1911 4541 1969 4627 τὴν
1984 4538 2098 4607 οὐσίαν
2111 4549 2167 4604 καλ
2184 4545 2301 4607 πᾶσαν

616 4665 769 4726 εἴκουσαν
791 4653 941 4734 εὐπετῶς.

566 4786 732 4868 Physicam
761 4783 916 4848 rationem
937 4783 1052 4864 optime
1074 4779 1230 4860 Diogenes
1252 4777 1422 4852 Laertius²)
1446 4775 1595 4858 explicat:
1620 4774 1800 4865 κατόἷρχοὶς
1823 4783 1883 4860 μέν
1906 4767 1965 4844 οδν
1987 4781 2061 4843 κατ’
2084 4771 2190 4844 adria
2213 4771 2298 4842 ὄντα

413 4913 547 4987 τρέπειν
567 4899 626 4982 τὴν
649 4901 764 4963 πᾶσαν
785 4893 900 4962 οὐσίαν
923 4895 964 4960 δι’
988 4888 1083 4977 α’έρος
1106 4896 1150 4966 εἰς
1173 4885 1265 4978 ὕδωρ·
1288 4897 1342 4954 καὶ
1365 4884 1473 4974 οἵσπερ
1495 4887 1532 4955 έν
1554 4891 1594 4984 τῇ
1615 4891 1695 4983 γονῇ
1716 4887 1753 4953 rc*
1768 4898 1896 4972 σπέρμα
1912 4898 2107 4976 περιέχεται,
2133 4881 2218 4954 οὕτω
2241 4897 2297 4950 καὶ

417 5013 533 5076 τοῦτον
554 5003 772 5094 σπερματικιίν
794 5003 892 5086 λόγον
912 4999 991 5072 ὄντα
1015 5006 1070 5068 τοῦ
1092 4999 1211 5085 κόσμου
1232 4998 1348 5066 τοιάνδ’
1372 4997 1610 5080 ὑπολείπεσθαι
1632 4998 1669 5064 ἐν
1689 5001 1735 5086 τῷ
1757 4993 1854 5086 ὑγρῷ,
1877 4995 2009 5080 ειῗεργδν
2029 4991 2122 5086 αάτῴ
2137 4999 2299 5062 ποιοῦντα

414 5117 475 5204 τήν
505 5115 587 5206 ὅλην
617 5118 696 5204 πρὸς
727 5117 788 5199 τήν
824 5119 890 5181 τῶν
927 5117 1001 5201 ἑξῆς
1030 5125 1162 5193 γένεσιν,
1205 5111 1261 5176 εἶτ’
1301 5107 1488 5190 άπογεννᾶν
1517 5109 1583 5173 κτλ.
1614 5123 1714 5187 neque
1743 5107 1818 5186 puto
1845 5105 1926 5168 hanc
1958 5105 2145 5168 sententiam
2175 5103 2301 5168 Reiskic

414 5229 578 5292 obscuram
594 5226 698 5302 luisse,
722 5225 775 5290 sed
789 5224 893 5288 media
914 5223 1009 5287 verba
1031 5239 1111 5301 quae
1133 5223 1207 5284 suut
1229 5237 1247 5280 a
1268 5209 1613 5306 καθάπερ-τρόπου
1638 5233 1670 5278 se
1691 5233 1753 5277 uou
1775 5214 1961 5278 intellexisse
1982 5213 2105 5279 fatetur.
2140 5214 2200 5278 Sed
2223 5215 2301 5278 haec

570 5457 592 5516 'l
611 5455 643 5513 cl.
660 5469 684 5524 p.
704 5453 762 5514 253,
782 5456 811 5505 et
827 5451 909 5504 Zeller
924 5450 943 5503 l.
962 5467 983 5504 c.
1003 5451 1061 5514 151,
1078 5446 1137 5501 adu.
1158 5449 1179 5500 l.

569 5541 591 5605 ’λ
610 5540 640 5594 el.
660 5539 717 5604 vn,
737 5539 787 5592 136
804 5554 828 5606 p.
848 5534 941 5601 188,24
958 5534 1046 5589 Cobet.
1064 5535 1092 5586 et
1109 5532 1190 5586 Zeller
1206 5531 1223 5584 l.
1241 5545 1262 5581 c.
1281 5545 1305 5598 p.
1325 5527 1381 5581 149.
