4882 6614
1075 899 1092 960 7

143 1105 207 1196 γάρ
227 1097 438 1190 μεταβάλλει,
460 1107 496 1167 ut
516 1105 650 1186 legimus
672 1103 754 1187 apud
778 1103 947 1185 Diogenem
968 1103 1137 1168 Laertium.
1151 1101 1176 1187 ¹)
1215 1103 1338 1185 Exque
1356 1103 1416 1168 duo
1438 1103 1572 1185 corrigas
1589 1104 1681 1168 verba
1703 1122 1783 1186 quae
1797 1123 1858 1170 non
1875 1103 2021 1186 intellego

143 1217 181 1285 ἔν
202 1207 364 1304 άλληλοις.
409 1213 614 1280 scribendum
635 1213 776 1278 videlicet
797 1217 834 1295 ές
855 1206 1057 1304 άλληλους
1077 1218 1377 1300 μεταβαλλομένων
1399 1211 1476 1295 (scil.
1499 1215 1564 1282 τῶν
1585 1217 1624 1280 in
1653 1212 1721 1297 ων).

294 1325 363 1388 Ιοω
384 1344 455 1388 τωο
477 1326 577 1390 omnis
598 1326 675 1389 haec
697 1324 734 1388 de
757 1327 904 1406 quattuor
926 1343 1077 1405 equorum
1100 1324 1297 1388 dissolutione
1321 1325 1414 1404 atque
1437 1325 1469 1388 in
1492 1343 1591 1387 unum
1684 1325 1852 1390 armatione
1874 1327 2021 1410 expositio

142 1433 341 1522 ὑπερβάλλει
367 1435 493 1516 quidem
515 1441 628 1504 πᾶσαν
649 1434 802 1512 α’τοπίαν,
819 1436 972 1500 consentit
992 1455 1065 1502 vero
1086 1471 1128 1482 —
1151 1435 1177 1498 si
1199 1435 1286 1515 equis
1308 1433 1380 1498 deos
1403 1433 1600 1498 substituetis
1623 1470 1664 1480 —
1687 1453 1758 1498 cum
1788 1435 1907 1500 Stoicis.
1960 1437 2020 1502 Dio

143 1545 225 1609 enim
247 1546 273 1610 si
295 1549 401 1609 narrat
422 1544 455 1630 (ξ
478 1544 546 1630 52);

346 1659 434 1722 εἷναί
450 1684 487 1737 γε
508 1657 574 1742 μην
596 1653 631 1722 τά
653 1661 778 1722 τοιοῦτο
799 1651 842 1738 μη
864 1655 1022 1744 καθάπερ
1045 1645 1190 1746 α’ψάχων
1211 1654 1415 1738 πλασμάτων
1436 1656 1562 1733 ἔξωθεν
1582 1656 1642 1724 τοῦ
1657 1657 1852 1744 δημιουργοῦ
1867 1685 2019 1746 πραγμα-

345 1780 518 1850 τευομένου
546 1777 602 1832 καλ
630 1763 850 1850 μεθιστάντος
875 1765 935 1849 την
962 1761 1052 1852 δλην,
1081 1764 1190 1833 αὐτῶν
1219 1767 1255 1832 δὲ
1275 1765 1415 1846 Ιέκείνων
1441 1773 1612 1848 γίγνεσθαι
1643 1767 1678 1833 τδ
1703 1766 1822 1848 πάθος,
1849 1765 1957 1857 ὥσπερ
1982 1769 2020 1838 ἓν

345 1876 447 1958 α’γαῖνι
470 1877 602 1965 μεγάλῳ
625 1902 659 1941 τε
682 1887 737 1941 καί
754 1873 899 1965 άληθινῴ
921 1886 995 1963 περὶ
1016 1888 1102 1958 νίκης
1124 1874 1306 1962 ἐριζόντων·
1328 1882 1498 1958 γίγνεσθαι
1521 1877 1556 1942 δὲ
1577 1873 1638 1960 τήν
1661 1891 1752 1964 νίκην
1781 1888 1838 1944 καλ
1866 1875 1923 1946 τδν
1951 1891 2019 1946 στέ-

345 2013 448 2072 φανον
470 1988 507 2064 ἐξ
528 1985 671 2070 άνάγκης
692 1991 749 2053 τοῦ
772 1983 900 2076 πρώτου
922 1997 977 2051 καὶ
998 1999 1172 2069 κρατίστου
1194 1979 1288 2070 τάχει
1310 2011 1346 2053 τε
1368 1997 1423 2052 καλ
1443 1983 1529 2084 άλκῇ
1550 1998 1606 2053 καλ
1621 1993 1659 2090 τη
1674 1986 1829 2086 ξυμπάσῃ
1850 1987 1954 2087 άρττῇ,
1978 1987 2017 2058 δν

344 2101 479 2180 εἴπομεν
500 2096 537 2164 ἐν
560 2093 642 2196 α’ρχη
664 2100 728 2162 τῶν
749 2093 851 2178 λόγων
873 2097 1039 2182 ἐξαίρετον
1060 2095 1147 2163 εἶναι
1170 2097 1277 2176 Διός.

141 2205 209 2269 side
248 2205 354 2270 Iovem
392 2207 526 2287 reliquos
565 2205 638 2269 deos
682 2205 892 2282 devorantem,
935 2205 973 2270 de
1015 2224 1077 2288 qua
1115 2225 1149 2270 re
1187 2206 1373 2304 Plutarchus
1386 2207 1412 2291 ²)
1453 2205 1570 2270 Stoicos
1609 2206 1781 2270 cavillatur:
1815 2212 1901 2292 λέγει
1939 2216 2019 2292 γοῦν

142 2315 338 2404 Χρύσιππος
361 2365 367 2378 .
392 2363 400 2378 ·
426 2367 433 2380 .
456 2314 538 2385 ’όταν
566 2309 624 2384 οὖν
652 2315 830 2403 ἐκπύρωσις
858 2327 1001 2404 γένηται,
1029 2314 1132 2402 μόνον
1158 2316 1332 2406 ἄφθαρτον
1354 2314 1434 2384 δντα
1456 2317 1513 2383 τδν
1535 2327 1597 2384 Δία
1620 2318 1684 2384 τῶν
1711 2324 1812 2401 θεαῖν,
1835 2318 2018 2408 άναχωρείν

140 2429 197 2494 tert
219 2428 279 2514 τήν
301 2424 468 2516 πρόνοιαν.
497 2425 598 2510 Simul
614 2429 718 2490 autem
740 2427 788 2488 his
808 2427 910 2490 verbis
931 2427 1046 2491 indicat
1060 2427 1247 2491 Plutarchus
1269 2427 1421 2508 quomodo
1437 2427 1543 2491 offensi
1565 2427 1622 2509 ipsi
1638 2427 1731 2492 Stoici
1750 2428 1809 2492 hac
1828 2429 2017 2494 absurditate

140 2535 188 2599 dei
211 2537 283 2600 deos
305 2537 512 2600 comburentis
535 2536 711 2600 studuerint
732 2555 801 2600 eam
823 2536 939 2618 fogere.
997 2540 1099 2618 Atque
1122 2537 1230 2602 eadem
1253 2537 1290 2601 de
1312 2556 1405 2600 eausa
1428 2537 1485 2600 Dio
1508 2555 1629 2618 quoque
1652 2557 1722 2602 curn
1744 2537 1853 2602 Stoicis
1875 2559 1936 2603 non
1960 2541 2017 2604 sibi

139 2650 269 2712 constat.
313 2647 422 2712 Verbis
444 2649 536 2726 enim,
560 2665 640 2727 quae
662 2665 756 2730 snpra
778 2647 931 2730 exscripsi,
948 2646 1042 2712 deum
1064 2649 1151 2712 nobis
1173 2648 1315 2731 proponit
1335 2647 1409 2712 deos
1424 2647 1675 2728 conflagrantem.
1711 2651 1812 2712 Antea
1827 2647 1861 2732 (ᾗ
1877 2648 1932 2734 51)
1946 2669 2017 2714 vero

139 2759 283 2840 mythum
306 2759 350 2822 ita
371 2758 544 2822 variaverat
565 2761 600 2821 ut
621 2758 687 2840 ipse
710 2761 829 2821 creator
851 2760 999 2839 quattuor
1020 2778 1115 2840 equos
1137 2760 1169 2823 in
1191 2779 1289 2824 unum
1312 2759 1457 2823 solveret:

343 2869 410 2938 οἷον
438 2874 472 2936 εἶ’
495 2897 543 2948 τις
572 2871 826 2954 θαυματοποιός
856 2871 892 2936 lx
928 2875 1024 2959 κηροῦ
1046 2870 1176 2950 πλάσας
1204 2874 1338 2950 ἵππους,
1360 2871 1476 2936 ἔπειτα
1504 2864 1655 2958 άφαιροῖν
1681 2879 1735 2934 καὶ
1769 2865 1930 2958 περιξύων
1959 2866 2016 2954 άφ’

343 2980 490 3058 ἑκάστου,
514 2989 700 3069 προςτιθεῐς
723 2976 840 3047 άλλοτε
863 2978 963 3070 άλλιμ,
984 2985 1075 3058 τέλος
1098 2982 1133 3047 δὲ
1156 2979 1312 3059 άπαντας
1334 2985 1379 3058 είς
1399 2983 1460 3046 ἕνα
1482 2983 1547 3044 τῶν
1560 2976 1723 3067 τεττάρων
1741 2972 1922 3060 άναλάσας,
1937 2993 2019 3063 μίαν

341 3090 469 3178 μορφήν
491 3091 527 3168 ἒξ
549 3087 680 3177 άπάσης
703 3096 756 3174 τῆς
778 3087 856 3178 δλης
878 3081 1060 3177 ἐργάσαιτο.

291 3197 352 3262 Sed
375 3218 436 3262 non
458 3199 559 3262 solum
581 3199 720 3280 sequitur
743 3198 860 3263 Stoicos
882 3199 950 3277 Dio,
974 3198 1029 3263 sed
1052 3200 1146 3264 etiam
1167 3202 1274 3263 contra
1295 3198 1515 3262 obtrectatores
1538 3197 1675 3262 defendit
1697 3196 1915 3282 Chrysippum.
1960 3199 2017 3265 Cui

138 3309 315 3373 obiecerant
335 3309 484 3372 nimirum
506 3309 672 3373 adversarii
699 3309 772 3374 deos
800 3309 869 3373 illos
899 3308 951 3390 qni
982 3309 1120 3392 adposito
1149 3309 1212 3391 igni
1241 3312 1276 3372 ut
1298 3327 1368 3372 cera
1389 3307 1578 3375 dilabuntur.
1627 3308 1747 3371 Iterum
1776 3309 1979 3374 Plutarchum
1991 3311 2017 3388 ³)

138 3419 295 3503 inspicias:
320 3415 413 3488 αάτολ
435 3433 518 3505 μέγα
540 3425 677 3498 βοῶντες
699 3421 736 3486 έν
758 3437 822 3498 τοῖς
845 3432 918 3507 περὶ
940 3419 1058 3487 θεων.
1085 3469 1091 3482 .
1114 3420 1303 3506 γράμμασιν
1324 3419 1502 3508 διαρρήδην
1530 3423 1658 3501 λέγουσι
1681 3420 1755 3498 τους
1777 3417 1896 3500 ἄλλους
1920 3417 2018 3499 θεοδς

138 3529 294 3610 ἅπαντας
317 3530 404 3599 εἶναι
426 3523 600 3613 γεγονότας
617 3541 672 3596 καλ
688 3539 954 3619 φθαρησομένους
972 3530 1036 3600 sint
1053 3531 1151 3620 πυρὸς
1165 3529 1298 3618 τηκτούς
1321 3575 1328 3590 ·
1348 3581 1354 3594 .
1378 3525 1467 3596 άσπ
1479 3557 1518 3621 ερ
1540 3543 1725 3618 κηρίνους
1748 3527 1771 3617 ἢ
1785 3545 2018 3620 καττιτερίνους

138 3637 244 3718 ὄντας.
289 3641 374 3704 Haec
396 3641 463 3722 ipsa
485 3641 615 3704 crimina
636 3639 695 3702 Dio
717 3643 847 3722 occupat
867 3657 1000 3722 pergens
1022 3641 1055 3722 (ξ
1079 3641 1149 3718 53);

341 3757 456 3820 τοῦτον
478 3753 540 3842 χάρ
563 3749 624 3820 άτε
646 3750 781 3819 πάντων
809 3749 1038 3834 άλκιμάτατον
1058 3763 1112 3816 καλ
1137 3747 1231 3834 φάσει
1254 3747 1418 3836 διάπυρον
1445 3750 1528 3834 ταχδ
1551 3747 1772 3818 α’ναλάσαντα
1795 3749 1868 3828 τοίς
1890 3748 2017 3830 ἄλλους,

340 3852 499 3949 καθάπερ
526 3864 618 3945 οἶμαι
639 3867 692 3952 τῷ
720 3859 808 3928 δντι
832 3875 1040 3950 κηρίνους,
1069 3863 1105 3927 ἐν
1133 3857 1171 3927 οὐ
1192 3864 1303 3951 πολλῷ
1330 3887 1393 3928 τινι
1421 3852 1535 3950 χρόνῳ,
1557 3860 1705 3926 δοκοῦντι
1729 3860 1764 3925 δὲ
1790 3857 1867 3942 ἡμῖν
1889 3858 2016 3952 άπείρηι

343 3973 422 4060 πρὸς
437 3974 493 4040 τάν
510 3969 660 4060 ἡμέτερον
675 3969 788 4040 adrev
811 3972 969 4056 λογισμόν,
998 3985 1054 4038 καὶ
1076 3973 1136 4058 την
1157 3969 1273 4039 οδσίαν
1303 3963 1437 4038 πάντων
1462 3975 1577 4038 πᾶσαν
1598 3976 1641 4047 είς
1669 3967 1772 4038 αὑτὸν
1800 3965 2016 4050 άναλαβόντα

342 4080 427 4151 noli
451 4096 581 4171 apaturos
612 4095 666 4148 καὶ
690 4081 919 4169 λαμπρότερον
947 4079 1093 4169 ὀφθῆναι
1130 4087 1189 4150 τοῦ
1220 4071 1384 4170 πρδτερον,
1415 4079 1469 4149 ὑπ’
1501 4077 1628 4158 οδδενδς
1657 4077 1760 4146 άλλου
1787 4085 1920 4168 θνητῶν
1942 4076 2018 4148 οάδὲ

342 4191 534 4269 άθανάτων,
558 4191 627 4258 a'll’
652 4191 754 4260 αὐτὸν
776 4189 827 4277 ὑφ’
845 4189 956 4264 αδτοτῖ,
979 4192 1154 4279 νικηφόρον
1175 4183 1349 4276 γενόμενον
1369 4191 1429 4258 τοῦ
1450 4204 1600 4277 μεγίστου
1623 4188 1759 4273 άγῶνος.

289 4300 409 4380 Quibus
431 4302 530 4365 verbis
552 4301 721 4384 perfectam
743 4301 1016 4382 conflagrationem
1038 4302 1167 4366 describi
1190 4304 1299 4384 sponte
1322 4301 1520 4382 intellegitur.
1557 4299 1741 4382 Trimnphat
1756 4299 1839 4362 enim
1862 4299 2019 4364 aetherius

138 4431 237 4494 equus
260 4413 343 4476 solus
365 4412 490 4476 relictus
512 4413 764 4494 reliquorumque
786 4413 865 4476 vires
887 4413 918 4476 in
942 4431 974 4476 se
997 4411 1183 4494 complexus.
1218 4411 1328 4494 Neque
1350 4412 1413 4475 iarn
1428 4411 1504 4474 deris
1519 4412 1626 4486 restat,
1642 4429 1742 4490 neque
1757 4410 1859 4486 homo,
1877 4411 1930 4492 qui
1946 4429 2017 4474 eum

138 4524 249 4588 intueri
266 4523 371 4606 possit.
417 4521 456 4586 Se
471 4523 536 4605 ipse
551 4523 788 4606 contemplatur.
830 4523 922 4586 Nunc
935 4541 1007 4586 vero
1021 4521 1274 4604 interpretatione
1291 4525 1384 4603 egent
1399 4521 1492 4584 verba
1508 4539 1586 4600 quae
1603 4519 1674 4582 huic
1690 4519 1887 4602 descriptioni
1902 4519 2020 4583 addidit

139 4635 270 4718 scriptor
292 4635 368 4698 satis
391 4633 601 4698 memorabilia
626 4615 633 4628 ’

342 4742 466 4812 στάντα
489 4746 523 4810 δὲ
547 4743 676 4832 ιἰιμηλδν
697 4754 753 4810 καὶ
777 4747 908 4826 γαῦρον,
935 4754 1078 4832 χαρέντα
1109 4742 1145 4840 τῇ
1175 4753 1256 4834 νίκη,
1286 4741 1391 4810 τόπον
1419 4769 1453 4808 τε
1482 4740 1525 4820 οἷς
1551 4745 1702 4808 πλεῖστον
1730 4743 1934 4820 καταλαβεῖν
1961 4751 2019 4806 καλ

339 4857 488 4936 μείζονος
511 4853 617 4940 χώρας
639 4853 801 4940 δεηθῆναι
824 4853 895 4920 τότε
918 4850 985 4920 elno*
1008 4850 1116 4940 ῥώμης
1137 4863 1191 4918 καλ
1211 4864 1334 4935 μένους.

290 4963 360 5028 Non
384 4965 468 5026 extat
497 4963 579 5027 enim
606 4963 781 5042 diligentiae
813 4961 1025 5026 testimonium
1043 4960 1243 5039 luculentiae,
1275 4981 1337 5042 qua
1358 4962 1416 5025 Dio
1443 4961 1661 5041 cosmologiam
1690 4959 1862 5024 Stoicorum
1889 4960 2017 5025 reddere

137 5075 300 5150 studuerit,
316 5073 369 5154 qui
384 5093 423 5137 ne
439 5091 457 5136 a
472 5073 679 5136 subtilioribus
696 5072 819 5152 quidem
834 5070 1005 5154 philosophi
1024 5071 1173 5134 sermonis
1188 5071 1425 5154 proprietatibus
1441 5071 1606 5135 abhorruit.
1645 5063 1747 5148 τόπος
1762 5071 1844 5133 enim
1860 5089 1920 5134 non
1936 5069 2018 5134 idem

137 5189 186 5250 est
200 5188 294 5267 atque
316 5185 417 5276 χώρα.
450 5183 533 5247 Nam
548 5184 598 5248 ille
614 5184 716 5248 locum
731 5183 825 5247 solido
841 5183 995 5264 expletum
1011 5179 1172 5261 significat,
1194 5182 1272 5246 haec
1292 5200 1426 5246 vacuum
1448 5201 1484 5246 er
1505 5183 1591 5264 parte
1614 5181 1807 5263 occupatum,
1830 5199 1901 5242 cum
1923 5181 2020 5248 κενόν

163 5309 218 5316 .—

290 5357 312 5422 1)
330 5353 362 5410 ιι.
381 5307 548 5422 unffi-p.
569 5351 661 5418 neae
679 5351 766 5406 υιιιι.

289 5439 313 5508 ¹)
331 5439 363 5494 cf.
380 5437 512 5504 Plutarch.
532 5436 589 5491 adv.
609 5437 706 5490 Stoicos
724 5453 746 5490 c.
765 5437 804 5490 36.

289 5527 310 5590 ³)
326 5523 355 5576 cf.
375 5523 506 5577 Plutarch.
526 5521 583 5576 adv.
601 5521 700 5576 Stoicos
717 5539 738 5576 ο.
757 5521 797 5576 31.
