4882 6614
1092 1845 1121 1920 I.

315 2017 510 2146 Mirabilem
546 2079 584 2144 de
618 2077 736 2144 mundo
761 2078 911 2157 labulam,
935 2097 1014 2160 quae
1036 2080 1150 2161 legitur
1182 2079 1213 2142 iu
1246 2077 1383 2142 Dionis
1415 2077 1578 2142 Prusaei
1610 2079 1746 2142 oratione
1768 2078 1902 2142 XXXVI
1923 2081 1965 2142 43
2001 2099 2046 2163 sq.

162 2193 368 2274 Hagenus,
403 2190 455 2273 qui
487 2209 587 2274 nuper
618 2189 656 2254 de
678 2189 778 2254 Dione
807 2189 950 2270 theologo
973 2189 1075 2272 egit,¹)
1102 2193 1268 2272 postquam
1297 2207 1368 2252 cum
1396 2187 1649 2254 Meinersioiure
1675 2189 1858 2270 nugaciter
1880 2189 2048 2255 Zoroastria

166 2302 306 2367 doctrina
329 2320 398 2366 eam
420 2302 567 2366 haustam
589 2319 664 2376 esse,
687 2319 724 2364 er
744 2299 876 2364 Platone
898 2299 1057 2364 contendit
1079 2305 1110 2363 et
1134 2318 1169 2362 er
1192 2297 1303 2364 Stoicis
1324 2318 1392 2363 esse
1413 2299 1585 2363 confictam.
1619 2303 1721 2380 Atque
1744 2318 1820 2365 usus
1842 2303 1890 2364 est
1905 2301 1962 2365 Dio
1981 2301 2047 2365 sine

162 2413 254 2478 dubio
278 2417 309 2476 et
330 2412 459 2476 Platone
483 2413 515 2476 et
538 2410 658 2476 Stoicis.
693 2409 755 2476 Sed
779 2429 815 2474 ex
837 2410 889 2474 illo
914 2410 1128 2474 tantummodo
1150 2409 1266 2474 colores
1289 2410 1439 2490 quosdam
1458 2413 1621 2474 mutuatus
1637 2409 1676 2473 ad
1689 2410 1863 2475 Stoicorum
1878 2410 2048 2476 doctrinam

163 2541 255 2587 omne
277 2521 400 2587 fabulae
422 2524 644 2604 argumentum
665 2524 733 2585 11111
756 2523 880 2586 strenue
904 2519 1012 2602 exegit,
1036 2521 1125 2584 utin
1147 2521 1206 2585 hac
1228 2521 1352 2601 quidam
1375 2521 1511 2584 oratione
1541 2539 1708 2601 gomanno
1737 2519 1901 2605 Chrysippi
1929 2523 2047 2586 assecla

164 2633 303 2698 rideatur
325 2651 392 2696 esse
415 2633 482 2697 Dio.
517 2631 578 2711 Qui
600 2651 655 2696 our
677 2631 861 2696 Zoroastren
882 2631 984 2714 mythi
1007 2633 1165 2695 auctorem
1188 2632 1251 2694 sire
1272 2632 1338 2695 ioco
1360 2631 1424 2694 sive
1446 2632 1524 2694 serio
1546 2630 1697 2695 mentitus
1720 2631 1760 2694 sit
1778 2650 1861 2696 nuuc
1881 2651 1944 2696 uon
1958 2635 2048 2697 vacet

163 2761 320 2826 quaerere,
344 2742 397 2806 sed
420 2742 559 2824 singulas
581 2741 704 2806 fabulae
726 2745 830 2826 partes
852 2741 935 2806 brevi
951 2742 1172 2806 commentario
1187 2759 1364 2825 persequar.
1402 2741 1571 2824 Apparebit
1585 2742 1666 2805 hanc
1681 2742 1860 2822 allegoriam
1877 2745 2047 2806 eotantum

163 2854 202 2917 ab
217 2852 368 2917 Heracliti
385 2852 515 2918 Comuti
540 2853 670 2917 aliorum
695 2851 826 2929 differre,
849 2851 930 2934 quod
946 2851 985 2915 ad
1008 2853 1186 2916 continuam
1207 2852 1416 2916 narrationem
1438 2851 1497 2915 Dio
1519 2849 1657 2915 fabulare
1680 2855 1900 2933 argumentum
1921 2853 2046 2936 redeg‘t.

316 2962 448 3027 Dionem
463 2963 722 3046 interpretaturus
738 2963 860 3046 saepius
876 2981 937 3026 non
953 2963 1039 3045 potui
1054 2962 1243 3026 coniectandi
1259 2962 1359 3026 aleam
1371 2981 1433 3026 non
1445 2963 1613 3046 suscipere;
1630 2980 1821 3044 quamquam
1833 2983 1894 3028 non
1906 2963 1986 3046 fugit
1996 2983 2047 3030 me

163 3073 333 3138 cautiorem
348 3092 398 3137 me
412 3072 553 3137 futurum
569 3073 674 3152 baisse,
690 3073 716 3136 si
732 3073 834 3155 copias
851 3075 1069 3155 expectassem,
1085 3091 1163 3153 quas
1177 3071 1218 3136 Η.
1236 3071 1278 3136 de
1294 3073 1433 3136 Arnim
1448 3091 1531 3136 nunc
1546 3071 1637 3136 Dioni
1652 3075 1750 3155 parat,
1767 3072 1819 3153 qui
1834 3074 1866 3137 in
1881 3073 2047 3138 nouissimo

166 3184 302 3247 Hamae
323 3184 479 3248 volumine
500 3183 587 3248 docte
611 3183 785 3258 disseruit2)
807 3182 844 3248 do
866 3183 993 3248 historia
1016 3183 1199 3266 scriptorum
1215 3182 1412 3247 Dioneorum.
1446 3182 1592 3246 Libenter
1607 3183 1645 3246 ab
1661 3183 1719 3247 hoc
1734 3184 1872 3262 docebor,
1886 3185 1939 3248 ubi
1954 3185 2046 3249 unius

165 3295 413 3358 llleermanniaui
434 3294 546 3359 codicis
566 3295 676 3358 notitia
696 3294 728 3358 in
751 3312 868 3358 errores
882 3312 933 3357 me
947 3293 1076 3357 induxit.
1115 3293 1175 3358 Sed
1191 3311 1253 3357 uon
1268 3294 1423 3357 sanabunt
1438 3293 1506 3356 libri
1522 3293 1625 3357 omnia
1639 3292 1746 3357 Dionis
1761 3293 1899 3374 uulnera,
1915 3315 2046 3377 quorum

165 3404 190 3468 si
212 3405 289 3468 mihi
312 3405 439 3486 contigit
462 3408 498 3468 ut
519 3406 625 3488 paucis
646 3405 800 3480 mederer,
823 3404 998 3486 symbolam
1020 3403 1071 3467 ille
1094 3423 1155 3467 non
1178 3403 1352 3486 repudiabit
1374 3404 1412 3467 ad
1435 3422 1560 3487 operam
1585 3403 1718 3467 maxime
1745 3405 1923 3482 salutarem,
1951 3423 2046 3488 quam

165 3515 231 3598 ipse
254 3513 345 3579 Dioni
367 3515 545 3597 praestabit.

319 3625 387 3688 Hac
408 3625 504 3705 igitur
525 3624 596 3688 inde
619 3643 637 3688 a
660 3625 738 3705 §43
761 3624 819 3688 Dio
841 3623 940 3688 utitur
960 3622 1106 3704 imagine,
1129 3626 1166 3687 ut
1186 3623 1366 3688 universum
1381 3623 1469 3688 nobis
1484 3627 1707 3707 repraesentet:
1724 3643 1832 3690 currus
1847 3629 1896 3690 est
1908 3625 2045 3690 mundus

166 3737 253 3800 ouius
277 3735 464 3816 gubernator
486 3737 633 3816 quattuor
661 3753 756 3815 equos
779 3753 904 3798 currum
926 3734 1075 3797 vehentes
1098 3732 1191 3797 frenis
1213 3737 1341 3800 coercet.
1379 3733 1484 3816 Equos
1507 3735 1661 3799 elementa
1682 3753 1748 3800 esse
1768 3735 1926 3800 neminem
1945 3737 2046 3818 potuit

165 3846 271 3928 lugere
293 3846 313 3909 i.
338 3863 364 3910 e.
388 3845 513 3910 aethera
535 3863 638 3908 aerem
662 3863 776 3926 aquam
799 3847 921 3908 terram.
958 3846 1094 3909 Aethera
1116 3845 1199 3908 enim
1220 3864 1282 3907 non
1304 3845 1410 3925 ignem
1432 3845 1531 3927 primo
1546 3846 1781 3922 substituemus,
1797 3865 1868 3910 cum
1885 3849 1904 3926 g
1919 3847 2044 3908 43-44

164 3955 287 4020 nonde
310 3957 374 4038 igni
394 3975 450 4038 per
471 3973 561 4020 omne
584 3955 721 4038 disperso
744 3958 865 4036 agatur,
888 3955 942 4019 sed
965 3955 1003 4018 de
1033 3973 1177 4037 supremo
1206 3954 1278 4018 orbe
1307 3955 1450 4020 aetherio.
1495 3954 1716 4036 Quadrigarius
1738 3965 1845 4020 autem
1868 3957 1920 4036 qui
1942 3957 2045 4020 currui

164 4067 279 4130 insistit
301 4085 390 4130 mens
413 4068 461 4129 est
482 4064 544 4129 sive
567 4065 660 4130 deum
676 4065 746 4128 'sive
769 4066 912 4148 spiritum
935 4066 1089 4148 appellare
1111 4065 1210 4128 mavis
1232 4065 1295 4128 vim
1316 4065 1424 4129 mundi
1451 4066 1708 4148 gubernatricem.
1752 4066 1931 4130 Memineris
1962 4067 2043 4130 enim

164 4197 204 4240 ne
228 4175 345 4240 Stoicos
368 4176 492 4259 quidem
516 4179 657 4240 accurate
679 4176 760 4239 inter
783 4176 875 4239 deum
898 4179 929 4239 et
951 4177 1132 4258 primarium
1154 4174 1230 4240 illud
1259 4177 1450 4240 elementum
1480 4176 1678 4258 distinguere.
1724 4177 1830 4240 Dionis
1860 4177 1955 4257 igitur
1976 4176 2041 4240 Deo

164 4287 361 4368 gnbematori
391 4289 422 4350 et
450 4289 592 4369 separato
621 4287 660 4350 ab
690 4287 776 4367 equis
806 4305 904 4367 equus
925 4288 1044 4370 pn'mus
1067 4305 1153 4350 sacer
1175 4291 1231 4363 est,
1255 4287 1437 4376 (εἶναιγὰρ
1459 4285 1498 4376 δή
1521 4293 1579 4356 τοῦ
1600 4281 1788 4372 ξύμπαντος
1809 4302 1890 4373 μίαν
1912 4286 2044 4376 α’γωγήν

164 4425 196 4464 τε
213 4409 269 4464 καὶ
283 4387 451 4484 ἡνιόχησιν
466 4396 531 4466 δπδ
546 4403 601 4484 τῆς
616 4394 718 4486 ἄκροις
733 4399 904 4487 ἐμπειρίας
918 4425 953 4464 τε
968 4408 1023 4465 καὶ
1036 4391 1141 4486 ῥώμης
1155 4410 1346 4484 γιγνομένην
1359 4401 1379 4478 ἐ
1392 4399 1442 4462 42.
1461 4410 1545 4484 ηασῖ
1559 4404 1624 4466 τῶν
1638 4404 1750 4466 ἳππων
1760 4399 1820 4468 adv
1831 4403 1962 4482 πρῶτον
1971 4400 2044 4465 δια·

164 4519 273 4597 φέρειν
294 4505 406 4574 κάλλει
429 4555 462 4570 ..
485 4504 590 4576 adrat
612 4507 715 4596 Ζηνδς
737 4499 927 4597 tradem)
948 4509 981 4571 et
1002 4508 1084 4571 idem
1106 4509 1180 4570 suut
1201 4511 1233 4572 at
1255 4507 2043 4598 θηυ113911116118(εἶναιγὰραδτδνῆδητηνικοὶδο

164 4615 280 4696 ἅπλῶς
311 4619 371 4705 την
401 4618 461 4686 τοῦ
493 4609 624 4706 ἡνιόχου
657 4627 713 4683 καὶ
745 4609 904 4685 δεσπόταιν
938 4611 1061 4708 ψυχήν,
1093 4621 1223 4702 μᾶλλον
1252 4621 1287 4686 δὲ
1313 4615 1395 4688 ariao*
1424 4617 1462 4686 ro*
1486 4621 1626 4708 φρονοῦν
1648 4621 1746 4702 ἕ54).
1792 4619 1862 4684 Noli
1885 4623 1989 4684 eutem
2011 4619 2041 4682 in

165 4728 366 4808 sequentibus
389 4745 426 4791 ea
447 4727 683 4810 comparationis
705 4730 794 4810 parte
816 4727 935 4791 turbari
957 4747 1037 4808 quae
1059 4731 1108 4793 est
1129 4727 1167 4791 de
1191 4729 1286 4808 equis.
1332 4728 1422 4792 Hanc
1443 4729 1525 4792 enim
1548 4729 1656 4793 credas
1677 4729 1780 4812 ipsum
1806 4729 1938 4793 Dionem
1964 4729 2044 4793 ritu·

165 4857 282 4922 perure,
299 4859 370 4904 cum
386 4837 580 4902 audaciorem
596 4857 665 4902 eam
680 4857 748 4902 esse
763 4837 846 4903 dicat
861 4841 892 4902 et
909 4839 1043 4902 alienam
1059 4857 1077 4902 a
1094 4837 1282 4903 Graecorum
1297 4857 1382 4902 more
1397 4857 1468 4902 oum
1484 4839 1681 4921 persuasione
1692 4837 1905 4902 fabulantium.
1930 4839 2043 4902 Remo-

165 4968 294 5014 reamus
308 4949 402 5032 igitur
424 4967 549 5013 necesse
566 4951 621 5026 est,
636 4952 673 5013 ut
688 4967 814 5014 sensum
830 4949 937 5013 Dionis
953 4967 1163 5030 assequamur,
1179 4967 1283 5030 equos,
1300 4949 1411 5030 quibus
1425 4949 1470 5012 illi
1485 4967 1552 5013 rem
1568 4950 1656 5030 quasi
1670 4949 1770 5014 velare
1786 4949 1909 5031 placuit.
1947 4951 2042 5030 Atqui

164 5061 302 5143 primum
334 5059 493 5124 rideamus
527 5059 563 5122 de
596 5059 704 5123 mundi
733 5063 820 5142 parto
853 5060 980 5124 caelesti
1012 5060 1075 5123 siue
1108 5059 1251 5126 aetheria.
1305 5059 1351 5124 De
1381 5061 1440 5124 bac
1470 5059 1550 5143 apud
1581 5058 1748 5124 Stobaeum
1778 5059 1815 5122 de
1844 5059 2039 5142 Chrysippo³)

166 5171 298 5234 breuiter
311 5171 389 5234 haec
404 5171 492 5234 docet
506 5170 677 5255 Didymus:
699 5175 759 5240 τοῦ
780 5173 816 5238 δὲ
839 5171 925 5237 aare?
948 5171 1006 5256 την
1022 5170 1230 5259 διακόσμησιν
1245 5173 1416 5256 λεγομένου
1431 5170 1549 5254 κόσμον
1565 5169 1601 5236 ro*
1616 5179 1676 5254 piu
1690 5171 1776 5237 εἶναι
1792 5167 2042 5259 περιφερόμενον

320 5367 338 5428 ¹)
354 5363 381 5416 P.
402 5363 511 5432 Hagen
530 5363 698 5428 Quaestiones
716 5363 828 5417 Dioneae
845 5361 902 5416 Xial
923 5361 988 5416 1887
1006 5381 1031 5433 p.
1050 5363 1082 5416 16
1099 5381 1137 5434 sq.

317 5447 388 5514 ³111.
407 5449 443 5502 de
460 5449 572 5502 Arnim
589 5449 653 5502 liber
670 5449 711 5502 die
729 5447 1007 5514 Schriftensammlung
1024 5447 1087 5502 Dios
1104 5465 1152 5502 ron
1170 5449 1259 5504 Pmea.
1279 5448 1387 5502 Hermes
1404 5447 1500 5511 XXVI,
1520 5449 1571 5503 366
1588 5467 1627 5518 sq.

317 5535 339 5598 8)
358 5531 411 5595 Del,
432 5533 486 5593 lat
506 5552 532 5604 p.
554 5533 648 5596 184,12
664 5533 846 5600 Wachsmutb,
863 5534 960 5599 465,17
978 5532 1050 5586 Diels
1068 5533 1179 5602 Dorogr.
