4882 6614
830 879 835 894 ⁸
955 891 1156 988 --Ψ-

1024 1097 1074 1172 II.

266 1247 304 1310 In
327 1255 464 1311 extrema
485 1249 572 1330 parte
595 1246 742 1309 librorum
765 1245 803 1309 de
827 1243 1031 1310 Generatione
1054 1249 1086 1309 et
1108 1247 1301 1328 corruptione
1317 1245 1342 1328 ¹)
1365 1245 1620 1310 Aristoteles
1652 1247 1867 1328 quaestionem
1889 1249 1998 1326 movit,

111 1376 195 1438 quae
228 1357 363 1421 multum
390 1357 586 1440 philosophos
616 1356 745 1432 vexavit,
769 1355 821 1436 qui
854 1358 924 1438 post
957 1375 1030 1419 eum
1059 1356 1209 1432 vixerunt,
1232 1358 1339 1418 utrum
1368 1355 1400 1417 in
1432 1355 1577 1418 continua
1604 1375 1710 1420 rerum
1737 1358 1935 1436 generatione
1964 1378 2000 1423 ex

112 1467 298 1532 necessitate
330 1467 485 1548 quaedam
513 1466 599 1543 liant,
630 1485 669 1528 an
703 1465 806 1529 omnia
827 1465 947 1547 possint
980 1465 1073 1529 etiam
1107 1485 1167 1529 non
1200 1464 1276 1528 fieri.
1329 1466 1430 1544 Atque
1452 1465 1598 1546 primum,
1630 1469 1666 1528 ut
1685 1466 1771 1544 solet,
1802 1486 2000 1532 communem

110 1579 278 1642 verborum
300 1595 427 1642 sensum
450 1580 575 1642 secutus
597 1595 663 1639 rem
687 1575 818 1657 exponit.
863 1576 910 1639 De
934 1594 996 1656 qua
1017 1576 1100 1640 enim
1122 1594 1154 1639 re
1177 1593 1286 1639 verum
1297 1573 1427 1638 dicirrms
1450 1572 1501 1641 ὅτι
1525 1574 1640 1642 ἔσται
1664 1575 1810 1658 dicentes,
1827 1577 1865 1641 da
1887 1577 1995 1642 eadem

110 1707 188 1752 cum
209 1689 337 1752 veritate
360 1687 526 1768 aliquando
549 1685 773 1750 contendemus
797 1681 848 1753 ὅτι
871 1686 955 1767 inm
977 1685 1134 1750 sedidem
1157 1705 1218 1749 non
1243 1685 1325 1748 valet
1347 1683 1384 1747 de
1407 1679 1559 1748 locutione
1579 1680 1631 1751 ὅτι
1653 1689 1773 1770 μέλλει.
1814 1685 1896 1752 Sunt
1919 1689 2001 1752 enim

111 1817 196 1879 quae
218 1799 337 1880 possint
359 1803 391 1862 et
413 1815 479 1862 esse
501 1801 533 1862 et
553 1816 615 1861 non
639 1815 715 1874 esse,
747 1795 829 1860 unde
852 1795 994 1876 sequitur
1015 1816 1082 1860 esse
1117 1796 1212 1860 etiam
1240 1813 1317 1877 quae
1344 1793 1464 1876 possint
1486 1797 1517 1857 et
1547 1794 1676 1857 existere
1706 1798 1737 1859 et
1768 1815 1830 1859 non
1853 1797 2001 1872 existere;

109 1913 208 1990 atque
233 1909 391 1991 quaeritur
413 1910 519 1972 utrum
549 1907 652 1972 omnia
675 1925 754 1987 quae
783 1907 952 1987 gifflxuntur
975 1906 1040 1970 eius
1062 1905 1147 1970 modi
1169 1906 1240 1980 sint,
1264 1923 1303 1969 an
1328 1905 1391 1968 sint
1413 1904 1507 1968 etiam
1530 1923 1611 1986 quae
1630 1907 1803 1970 necessario
1823 1906 1999 1988 gignantur.

111 2021 199 2084 Sunt
220 2023 334 2083 autem.
380 2018 462 2082 Nam
485 2020 559 2082 sunt
581 2018 661 2080 tales
684 2017 747 2080 sive
769 2035 874 2080 rerum
897 2017 959 2080 sive
981 2016 1135 2080 factorum
1157 2016 1247 2097 quasi
1269 2015 1391 2078 vinculo
1413 2019 1575 2080 catenatae
1598 2016 1679 2079 inter
1701 2034 1734 2079 se
1758 2017 1999 2095 coniunctiones,

109 2132 142 2192 in
169 2129 281 2210 quibus
303 2129 401 2212 posito
424 2130 520 2193 altero
534 2129 619 2211 prius
648 2145 774 2192 necesse
805 2131 853 2191 est
883 2127 1093 2203 antecessisse,
1127 2125 1213 2188 uelut
1241 2123 1402 2188 aedificata
1431 2125 1521 2189 domo
1544 2143 1669 2190 necesse
1692 2130 1740 2190 est
1762 2127 2001 2194 tundamentum

110 2243 209 2303 antea
234 2241 351 2303 iactum
382 2240 432 2303 sit.
487 2239 549 2304 Sed
578 2239 675 2302 oritur
709 2237 858 2318 quaestio,
893 2256 972 2300 num
994 2235 1088 2300 etiam
1110 2236 1230 2299 inverso
1253 2233 1359 2298 ordine
1381 2235 1459 2299 haec
1481 2236 1635 2300 conclusio
1658 2237 1767 2300 valeat.
1814 2238 1885 2304 Non
1908 2240 2000 2306 valet.

110 2351 197 2415 Nam
220 2351 279 2416 etei
302 2369 423 2434 semper
446 2369 481 2414 er
503 2335 675 2413 necessario
698 2349 795 2412 altero
810 2346 951 2428 sequitur
972 2346 1067 2430 prius,
1090 2363 1125 2409 ex
1155 2345 1255 2428 priore
1282 2347 1351 2407 tum
1378 2344 1504 2409 demum
1527 2348 1675 2427 sequetur
1700 2349 1861 2430 posterius,
1899 2351 1924 2414 si
1944 2352 2002 2416 hoc

110 2461 267 2544 posterius
293 2480 348 2544 per
375 2479 407 2524 se
436 2460 601 2525 oriundum
631 2461 679 2522 est
707 2477 742 2522 ex
773 2457 962 2522 necessitate.

268 2602 447 2685 Sequuntur
470 2604 569 2680 verba,
592 2621 672 2684 quae
694 2601 775 2685 apud
798 2601 974 2664 Bekkerum
997 2598 1169 2681 (3371225).
1200 2599 1243 2662 sie
1264 2599 1425 2679 leguntur:

318 2754 349 2814 οῖ
367 2757 427 2832 μὲν
449 2740 507 2816 οὖν
527 2753 571 2825 εἰς
594 2743 733 2832 ἄπειρον
760 2749 843 2814 εἰσιν
870 2747 926 2812 ἐπὶ
952 2746 989 2811 τὸ
1020 2735 1118 2824 κάτω,
1150 2739 1208 2811 οὔκ
1238 2745 1330 2810 ἔσται
1358 2743 1484 2828 οἷνοὶγκη
1510 2745 1547 2812 τὸ
1574 2743 1708 2834 ὕστερον
1736 2739 1815 2815 ro'ds
1842 2761 2000 2831 γενέσθαι

319 2855 444 2936 ἅπλῶς.
475 2857 548 2926 ἄλλ’
578 2853 646 2926 οὐδ’
670 2857 706 2936 ἐξ
734 2854 932 2934 ὑποθέσεως·
962 2853 1013 2921 οἷοὶ
1039 2855 1104 2940 γάρ
1135 2859 1243 2939 ἕτερον
1273 2854 1461 2943 ἔμπροσθεν
1488 2851 1616 2944 α’νοῖγκη
1647 2858 1748 2938 ἔσται,
1778 2860 1821 2925 δι’
1850 2858 1869 2928 δ’
1897 2863 2001 2932 ἐκεῖνο

320 2964 448 3054 α’νοὶγκη
478 2975 646 3050 γενέσθαι.
677 2963 753 3034 ὥστ’
781 2974 811 3033 si
835 2967 877 3051 μη
908 2965 995 3033 ε”σκιν
1025 2960 1109 3052 ἆρχὴ
1138 2964 1195 3031 τοῦ
1222 2961 1370 3053 daretque,
1401 2963 1479 3033 οὐδὲ
1507 2971 1637 3053 πρῶτον
1663 2967 1757 3036 ἔσται
1784 2968 1886 3048 οὐδέν,
1908 2975 1952 3040 δι’
1982 2971 2002 3040 3

320 3075 502 3159 οἷναγκαῑον
524 3078 615 3144 ἔσται
636 3087 806 3160 γενέσθαι.

267 3234 356 3299 Addo
379 3235 541 3300 dissentire
564 3237 701 3301 codicem
724 3237 797 3300 aec
812 3235 939 3299 titulum
962 3233 1054 3317 capiti
1075 3232 1169 3297 XXII
1183 3232 1260 3366 libri
1281 3233 1314 3297 11
1337 3233 1503 3298 Alexandri
1520 3233 1746 3314 Quaestionum
1765 3242 2001 3325 praescriptum,

115 3347 167 3410 ubi
190 3346 257 3416 οὐδ’
280 3345 430 3409 omissum
454 3349 510 3410 est.

268 3487 355 3552 Haec
383 3489 540 3553 sententia
569 3489 608 3552 ad
640 3490 768 3552 verbum
796 3487 927 3551 vertenti
954 3487 998 3550 ita
1019 3486 1084 3550 fere
1112 3488 1271 3552 reddenda
1297 3488 1367 3552 erit:
1402 3489 1448 3566 „si
1477 3489 1508 3552 in
1536 3489 1693 3554 inlinitum
1724 3491 1788 3556 abit
1817 3497 2002 3579 (generatio)

115 3601 264 3664 deorsum
284 3617 375 3663 versa
396 3599 429 3683 (i.
453 3618 479 3663 e.
504 3598 660 3680 generatio
682 3616 788 3661 rerum
810 3597 996 3674 futurarum,
1020 3595 1057 3660 ci.
1073 3596 1196 3680 338⁸8),
1219 3616 1280 3661 non
1303 3616 1429 3662 necesse
1453 3599 1511 3661 erit
1532 3603 1654 3664 certum
1676 3603 1830 3684 posterius
1860 3605 2000 3670 absolute

113 3711 190 3774 fieri.
237 3709 298 3774 Sed
320 3729 358 3774 ne
380 3709 545 3791 hypothesi
567 3709 692 3791 quidem
715 3707 805 3772 iacta.
852 3706 981 3790 Semper
1003 3709 1087 3772 enim
1111 3708 1194 3771 aliud
1217 3709 1390 3774 necessario
1413 3710 1595 3774 antecedere
1618 3709 1717 3788 debet,
1746 3731 1806 3794 qno
1835 3714 1912 3780 illud
1934 3715 2001 3780 fieri

114 3839 242 3886 necesse
265 3822 321 3886 est.
364 3820 477 3901 ltaque
500 3820 526 3884 si
549 3819 637 3884 deest
658 3819 797 3884 infinitae
820 3818 910 3882 seriei
932 3818 1064 3894 initium,
1087 3837 1126 3882 ne
1147 3819 1283 3902 primum
1306 3818 1432 3901 quidem
1456 3820 1514 3883 erit
1536 3820 1660 3902 aliquid,
1687 3841 1742 3905 per
1764 3825 1845 3905 quod
1876 3845 2002 3890 necesse

114 3934 174 3998 erit
195 3931 272 3996 illud
296 3931 436 3996 existat.“
471 3931 518 3993 De
540 3930 589 3994 his
610 3931 712 3994 verbis
734 3930 871 3993 multum
893 3929 1049 3993 laborasse
1071 3931 1191 3994 veteres
1213 3948 1314 4010 nequa
1335 3929 1451 3994 mirum
1477 3934 1526 3994 est
1553 3934 1585 3995 et
1606 3935 1692 4014 patet
1720 3952 1756 3998 ex
1786 3933 2002 4018 Philoponi

113 4045 338 4108 commentario
360 4045 392 4106 et
413 4061 448 4105 ex
471 4041 555 4105 brevi
577 4040 797 4106 Alexandri
819 4041 1073 4123 interpretatione
1097 4042 1220 4104 servata
1240 4039 1272 4102 in
1294 4037 1518 4118 Quaestionum
1540 4041 1581 4119 H,
1595 4043 1645 4108 22.

268 4188 409 4250 Primum
434 4187 528 4268 igitur
556 4191 593 4249 ut
626 4203 682 4268 par
714 4189 762 4249 est
794 4185 1012 4268 adoptimum
1039 4185 1123 4248 hunc
1151 4184 1261 4248 ducem
1291 4183 1489 4266 refugiamus,
1517 4187 1727 4251 Alexandrum
1755 4187 1830 4252 dico.
1876 4187 1937 4254 Sed
1969 4191 2001 4253 in

113 4299 279 4364 Aristotele
300 4297 450 4361 nonnulla
471 4297 601 4360 obscura
623 4300 705 4373 sunt,
727 4296 892 4359 Alexandri
904 4314 974 4360 vero
996 4295 1090 4359 verba
1111 4297 1177 4358 tam
1199 4294 1297 4358 densa
1318 4295 1429 4359 obruta
1450 4299 1525 4360 sunt
1547 4297 1684 4378 caligine,
1712 4299 1748 4360 ut
1768 4315 1840 4361 cum
1859 4297 2003 4381 plagulas

114 4410 256 4474 editionis
278 4426 366 4472 meae
389 4409 583 4489 corrigerem,
606 4408 698 4490 plane
721 4406 915 4490 desperarem
938 4408 970 4469 et
991 4406 1085 4470 verba
1099 4404 1301 4469 multifariam
1317 4408 1462 4489 corrupta
1475 4406 1593 4470 intacta
1607 4407 1821 4488 relinquerem.
1859 4407 2003 4490 Propono

114 4539 151 4584 aa
173 4538 257 4583 nuno
278 4518 362 4596 talia,
386 4518 489 4599 qualia
510 4518 543 4580 in
558 4517 677 4581 Veneto
699 4516 809 4592 codice,
831 4515 921 4580 unico
943 4514 1167 4594 Quaestionum
1189 4515 1283 4593 fonte,
1304 4517 1420 4580 tradita
1443 4519 1526 4581 sunt.
1562 4517 1667 4580 Etiam
1691 4515 1875 4600 Spengelius
1900 4515 2004 4596 Quae-

115 4632 253 4695 stionum
276 4629 373 4692 editor
395 4629 426 4692 in
449 4629 507 4692 hoc
529 4628 628 4710 capite
650 4625 807 4691 nesciendi
830 4627 896 4688 arte
919 4645 994 4689 usus
1016 4629 1071 4690 est.

319 4797 419 4862 XXII.
443 4797 647 4886 Ἐξῆγησις
669 4803 816 4877 λέξεως
839 4799 879 4864 ἐκ
901 4797 969 4863 τοῦ
992 4796 1192 4882 δευτέρου
1215 4808 1305 4884 περὶ
1326 4808 1517 4879 γενέσεως
1548 4807 1618 4863 καῖ
1646 4803 1808 4884 φθορᾶς
1831 4797 2003 4887 Ἀριστο-

319 4914 459 4989 τέλους
493 4906 626 4989 ἄλλως
665 4909 812 4994 ἔχουσα
846 4909 956 4996 nupti
991 4907 1060 4994 τήν
1085 4907 1130 4974 ἒν
1156 4906 1209 4996 τῷ
1231 4913 1284 4986 εἰς
1309 4905 1409 4975 αὐτὰ
1442 4897 1725 4992 ὑπομνήματι·
1760 4905 1777 4994 p‘
1811 4909 1855 4974 dd
1887 4911 2002 4986 λέξις

320 5023 427 5088 ἐστὶν
453 5017 534 5104 ἥδε·
579 5027 629 5086 Ei
653 5027 729 5106 μὲν
755 5011 826 5088 οὖν
852 5025 908 5096 εἰς
937 5013 1111 5105 ἄπειρον
1134 5017 1242 5082 εἰσιν
1271 5017 1342 5082 ἐπὶ
1368 5018 1410 5082 vt
1434 5008 1559 5096 κάτω,
1596 5013 1668 5086 οὔκ
1690 5015 1811 5084 ἔσται
1841 5009 2001 5104 α’νᾶγκη

320 5129 362 5198 vd
397 5126 571 5217 ὕστερον
602 5130 696 5198 τόδε
727 5137 929 5213 γενέσθαι
963 5127 1120 5210 ἅπλῶς,
1156 5123 1244 5193 a'tl'
1278 5129 1321 5204 ἐξ
1354 5126 1613 5207 ὑποθέσεως·
1652 5127 1718 5196 οἷοὶ
1751 5129 1826 5216 γάρ
1862 5135 2004 5219 ἕτερον

320 5241 563 5327 ἔμπροσθεν
584 5233 742 5326 ἄνοῖγκη
765 5241 901 5313 ἔσται,
926 5239 974 5304 de’
996 5237 1014 5304 t·
1036 5239 1170 5306 ἐκεῖνο
1192 5230 1348 5321 α’νοὶγκη
1371 5248 1582 5321 γενέσθαι.

246 5407 398 5414 ---..--.-
414 5407 487 5414 -—.
509 5408 520 5412 -

271 5515 292 5576 ¹)
309 5511 348 5566 De
366 5527 424 5580 gen.
443 5517 470 5566 et
489 5527 552 5564 corr.
571 5509 648 5576 11,11
669 5509 776 5564 337234.
